1868 2981
794 188 1012 224 ..7-

223 292 365 331 etiamsi
388 292 468 328 fieri
491 292 649 337 potuisse
674 291 872 336 concedam,
899 294 941 326 ut
964 290 1153 326 nonnullae
1169 290 1311 325 illorum
1329 288 1453 324 Babrii
1468 287 1585 322 imita-

223 356 342 390 torum
365 350 519 388 fabellae
544 351 702 396 quamvis
726 354 884 387 mutatae
905 351 943 387 in
960 350 1090 387 Suidae
1107 351 1287 390 thesauro,
1313 349 1375 393 qui
1390 347 1586 392 inscriptus

223 416 280 450 est
304 410 457 456 Μυθικά,
495 414 735 448 servarentur.
784 411 829 446 Id
859 411 952 447 enim
981 410 1167 446 tenendum
1199 413 1256 445 est
1278 408 1450 445 Babrium
1479 407 1586 442 nullis

225 473 306 510 aliis
329 471 491 509 versibus
515 470 686 516 apologos
709 470 852 507 finxisse
874 470 946 506 nisi
976 470 1199 512 choliambis,
1236 469 1434 505 imitatores
1464 471 1582 503 tamen

223 532 349 569 Babrii
395 531 536 567 fabulas
576 540 827 576 saepenumero
869 530 1101 566 transfudisse
1142 530 1179 565 in
1220 539 1345 566 versus
1387 528 1583 573 dactylicos

222 593 470 635 iambicosque.

869 714 934 751 VI.

321 786 424 822 Nune
448 787 568 821 autem
585 784 713 821 Babrii
730 783 956 830 exemplaria,
983 784 1107 829 quibus
1124 783 1249 821 Suidas
1266 788 1304 820 et
1320 784 1436 820 scriba
1453 783 1583 820 codicis

222 846 336 883 Athoi
372 848 454 882 sunt
484 845 556 889 usi,
595 845 797 881 accuratius
826 844 927 880 nobis
959 844 1188 880 describenda
1212 848 1305 881 sunt.
1354 844 1412 880 Ac
1436 843 1582 881 Suidam

221 906 364 951 quidem
380 905 506 941 Babrii
529 905 642 941 libros
658 915 726 941 non
744 905 889 941 seorsim
907 904 944 940 in
961 914 1030 940 uno
1048 904 1167 940 codice
1184 904 1405 949 conscriptos
1421 905 1582 939 manibus

222 966 390 1010 tenuisse,
416 965 479 1001 sed
500 964 710 1001 fabellarum
735 974 862 1010 corpus
887 964 1060 1008 quoddam
1084 964 1237 1008 undique
1262 964 1487 1000 collectarum
1512 965 1582 999 iam

223 1030 329 1063 antea
366 1026 499 1062 dictum
537 1029 602 1062 est.
665 1023 852 1070 Leguntur
888 1025 981 1061 enim
1018 1024 1114 1070 apud
1151 1024 1294 1060 Suidam
1330 1025 1395 1061 sub
1432 1024 1582 1060 articulo

222 1086 364 1135 ἑταιρεία
388 1087 426 1122 hi
450 1096 590 1122 versus:

376 1156 476 1194 θέντο
503 1156 574 1204 μετ’
602 1158 788 1206 ἀλλήλοισιν
814 1157 975 1206 ἓταιρείην
1001 1157 1065 1205 μῦε
1091 1157 1170 1194 δοιώ

378 1217 417 1254 οὖ
443 1217 518 1255 καθ’
545 1218 614 1264 ὁμὰ
640 1219 791 1259 ζώοντες.
843 1218 862 1253 ὁ
888 1218 949 1265 μὲν
975 1218 1060 1255 κατὰ
1085 1218 1169 1253 νειὸν
1196 1217 1324 1265 ἐρήμην

376 1277 540 1326 ἔτρεφεθ’,
567 1278 603 1319 ὃς
629 1278 665 1314 δὲ
691 1277 836 1326 δόμοισιν
861 1277 896 1314 ἐν
923 1277 1065 1327 ἀφνειῶν
1090 1276 1220 1327 τρέφετ’
1247 1277 1389 1326 ἀνδρῶν.

320 1349 417 1385 Aliis
441 1355 559 1385 tamen
584 1350 673 1385 locis
690 1349 819 1386 Suidas
837 1350 882 1385 ad
899 1350 1047 1385 eundem
1064 1350 1252 1395 apologum
1269 1360 1340 1385 non
1356 1349 1584 1391 hexametris,

223 1409 285 1445 sed
309 1409 413 1446 iustis
438 1409 643 1446 choliambis
668 1409 814 1455 respicit
837 1409 935 1446 velut
959 1410 1024 1446 sub
1049 1420 1135 1447 voce
1161 1407 1336 1458 σωροίκους
1360 1413 1398 1446 et
1414 1410 1480 1446 sub
1498 1420 1582 1445 voce

224 1472 371 1516 κρίμνον.
420 1470 535 1514 Quare
564 1470 651 1506 haec
683 1470 824 1515 apologi
853 1470 1056 1515 fragmenta
1083 1471 1137 1506 ita
1174 1470 1371 1506 dirimenda
1408 1474 1505 1512 sunt,
1544 1474 1585 1505 ut

224 1540 285 1566 eos
309 1540 445 1575 versus,
481 1539 566 1574 quos
592 1530 798 1573 citavimus,
829 1540 851 1565 a
875 1530 1010 1567 Babrio
1037 1530 1293 1574 abiudicemus‚
1325 1530 1453 1576 quippe
1483 1541 1584 1575 quem

223 1590 429 1626 choliambis
460 1589 612 1626 fabulam
643 1591 741 1626 illam
774 1591 818 1626 de
848 1591 1008 1627 muribus
1042 1591 1239 1627 condidisse
1277 1594 1431 1633 constet,
1470 1601 1584 1635 neque

222 1650 382 1685 conicere
400 1650 520 1685 dubito
537 1650 573 1685 in
590 1649 721 1686 Suidae
737 1650 905 1686 thesauro
923 1654 1109 1694 utramque
1126 1651 1235 1686 fuisse
1258 1650 1414 1686 eiusdem
1439 1651 1581 1695 apolog-i

220 1708 380 1746 formam.
430 1710 598 1754 Quodque
628 1710 723 1755 apud
749 1708 894 1746 suidam
923 1710 1050 1746 Babrii
1081 1721 1209 1747 nomen
1246 1711 1387 1756 utrique
1424 1711 1582 1747 additum

221 1769 413 1814 invenitur,
439 1770 526 1806 vitio
542 1779 612 1805 non
625 1769 765 1812 Suidae,
790 1770 853 1806 sed
869 1770 947 1806 viro
965 1771 1104 1806 cuidam
1122 1771 1213 1807 male
1231 1771 1353 1807 sedulo
1376 1771 1583 1807 vertendum

221 1832 293 1872 est,
332 1829 392 1874 qui
430 1839 509 1865 cum
545 1829 648 1866 huius
686 1830 781 1866 modi
811 1834 1059 1875 argumentum
1090 1831 1227 1867 fabulas
1256 1831 1353 1867 inter
1381 1830 1582 1867 Babrianas

219 1889 383 1935 legisset,
420 1889 547 1926 Babrii
577 1901 703 1927 nomen
733 1891 936 1927 adscribere
960 1901 1030 1928 non
1055 1892 1235 1927 dubitaret
1259 1892 1331 1927 illis
1355 1892 1583 1927 hexametris.

317 1949 423 1987 Nunc
452 1950 498 1987 ad
529 1951 634 1986 aliam
664 1951 791 1987 Babrii
821 1951 975 1987 fabulam
1005 1952 1159 1988 animum
1193 1955 1439 1988 convertamus
1470 1961 1581 1995 neque

220 2021 243 2046 a
268 2009 378 2047 Suida
402 2022 516 2056 neque
542 2023 564 2047 a
588 2011 719 2048 codicis
742 2011 859 2048 Athoi
882 2012 1034 2048 librario
1058 2016 1157 2048 recte
1182 2016 1335 2057 apteque
1366 2016 1582 2048 enarratam.

221 2072 253 2106 A
279 2070 389 2107 Suida
414 2071 507 2107 enim
532 2072 596 2107 sub
623 2072 774 2108 articulo
800 2071 943 2119 πίθηκος
967 2072 1171 2108 referuntur
1195 2072 1232 2107 hi
1256 2082 1394 2109 versus:

479 2142 590 2191 κερδὼ
620 2143 761 2190 πιθήκῳ
788 2155 885 2191 φησν·
915 2143 976 2190 ,ἣν
1002 2143 1082 2190 ὁρᾷς
1107 2143 1240 2190 στήλην,

480 2202 555 2250 ἐμοὶ
580 2201 719 2250 πατρῴη
744 2201 770 2239 τ’
790 2202 858 2238 ἐστὶ
882 2202 955 2239 κᾶτι
976 2201 1158 2250 παππῴη.“

219 2265 257 2298 et
281 2273 302 2298 a
327 2263 446 2300 codice
471 2262 524 2299 A:

478 2323 587 2371 κερδὼ
613 2323 747 2371 πιθήκῳ
772 2323 879 2371 φησίν·
908 2323 969 2370 ,ἢν
993 2323 1072 2371 ὁρᾷς
1098 2323 1232 2370 στήλην,

478 2382 544 2431 ἐμὴ
569 2382 708 2431 πατρῴα
732 2382 759 2420 τ’
777 2383 845 2419 ἐστὶ
869 2383 962 2431 κάμὴ
986 2381 1168 2431 παππῴα.“

479 2446 595 2493 κερδοῖ
616 2444 758 2492 πίθηκος
783 2443 882 2481 εἶπεν·
911 2445 980 2491 ηὼς
1005 2444 1123 2489 θέλεις,
1151 2443 1274 2492 ψεύδου

479 2505 616 2554 ἔλεγχον
642 2505 704 2543 οὐκ
729 2507 853 2554 ἔχουσα
877 2508 936 2553 τῆς
961 2505 1159 2553 ἀληθείης.“
