1868 2981
817 190 1024 224 ..12-

252 290 336 334 quin
361 293 479 336 poeta,
508 291 540 326 si
565 291 691 326 fuisset
716 291 911 334 Romanus,
943 292 1083 328 laudem
1108 292 1250 336 generis
1276 292 1458 328 cuiusdam
1483 291 1619 328 fabula-

251 361 329 386 rum
367 351 504 387 inventi
533 361 597 387 suo
627 352 758 396 populo
789 351 1063 395 haudquaquam
1102 355 1288 397 erepturus
1325 350 1447 389 fuerit.
1495 350 1621 395 Neque

253 410 344 448 enim
361 409 516 447 Babrius
533 413 606 446 tam
633 410 758 447 inflato
784 413 945 447 uteretur
971 411 1099 455 animo,
1125 411 1156 447 si
1182 411 1281 447 nulla
1305 411 1379 448 alia
1403 421 1444 447 re
1468 410 1622 457 palmam

252 471 450 518 petivisset,
465 470 532 506 nisi
546 470 639 514 quod
652 469 793 507 fabulas
806 471 878 507 iam
899 475 1005 507 antea
1022 472 1197 516 expolitas
1214 471 1350 515 primus
1367 470 1621 516 composuisset

253 529 470 566 choliambis.
521 529 619 574 Quae
658 529 690 565 si
728 529 780 565 ita
811 534 913 572 sunt,
944 530 1023 566 fieri
1048 540 1119 567 non
1144 533 1273 576 potest,
1299 533 1340 566 ut
1364 529 1491 566 Crusio
1515 529 1621 566 fidem

252 589 445 626 habeamus
469 589 644 626 Babrium
670 589 781 626 fuisse
807 591 952 626 natione
969 591 1180 633 Romanum,
1207 590 1267 634 qui
1286 589 1463 626 floruisset
1477 590 1619 626 saeculo

254 653 337 694 post
361 648 444 686 Chr.
472 660 505 685 n.
533 649 651 685 tertio.

907 775 973 810 IX.

352 845 431 881 Iam
456 855 541 882 vero
566 845 722 889 reliquas
748 856 872 881 causas
904 856 1025 881 eorum
1056 846 1328 891 perlustremus,
1366 846 1427 889 qui
1451 844 1623 883 Babrium

254 904 362 940 fuisse
392 905 588 940 Romanum
620 905 764 940 natione
774 905 801 950 ¹)
842 905 1088 940 demonstrare
1126 908 1310 940 conantur.
1362 903 1430 940 Cui
1466 904 1624 950 opinioni

252 965 381 1000 stabile
406 964 675 1000 fundamentum
703 965 805 1000 condi
830 965 1004 1009 putabant
1039 966 1314 1001 choliamborum
1345 964 1498 1009 legibus,
1537 974 1623 1008 quas

252 1024 410 1059 Babrius
443 1024 688 1069 *Romanorum
729 1028 841 1059 artem
880 1024 1062 1059 metricam
1100 1026 1242 1059 secutus
1280 1023 1349 1059 sibi
1386 1024 1619 1069 imposuisset.

254 1083 370 1128 Quare
387 1083 500 1120 denuo
518 1084 585 1119 hae
602 1094 660 1119 res
677 1084 765 1120 mihi
782 1084 1039 1128 perquirendae
1056 1084 1232 1124 videntur,
1259 1084 1400 1119 etiamsi
1417 1084 1621 1128 nuperrime

255 1155 276 1179 a
306 1144 552 1179 Maximiliano
583 1143 671 1179 Fico
681 1143 711 1189 ²)
749 1154 886 1179 summa
924 1144 1113 1187 industria,
1153 1143 1215 1179 sed
1252 1153 1323 1178 non
1360 1153 1500 1188 semper
1536 1153 1621 1179 sano

253 1203 385 1239 iudicio
428 1207 512 1240 sunt
549 1206 738 1245 tractatae.
791 1202 906 1240 Valde
946 1207 1064 1239 autem
1102 1203 1301 1239 mirandum
1339 1206 1409 1247 est,
1449 1203 1541 1247 quod
1578 1203 1623 1239 ad

255 1264 529 1299 choliamborum
575 1263 794 1299 Graecorum
837 1264 1011 1298 rationem
1054 1263 1331 1308 pernoscendam
1372 1264 1417 1298 ab
1459 1263 1622 1298 omnibus

253 1323 352 1358 tituli
378 1326 461 1358 sunt
485 1322 652 1368 neglecti.
705 1322 834 1367 Itaque
859 1333 975 1359 meum
1000 1333 1076 1359 esse
1101 1323 1350 1367 inscriptiones
1375 1322 1623 1359 choliambicas

255 1393 448 1427 congerere
492 1383 690 1419 arbitratus
728 1383 794 1418 hoc
831 1383 909 1419 loco
952 1383 1189 1425 conscribam,
1233 1386 1466 1427 quotcumque
1504 1383 1624 1418 multis

254 1443 385 1478 libellis
403 1443 583 1486 dispersas
602 1442 770 1486 colligere
788 1442 873 1477 mihi
892 1442 1052 1487 contigit,
1079 1445 1119 1477 ut
1136 1442 1209 1477 sint
1225 1442 1327 1485 quasi
1344 1442 1624 1478 additamentum

254 1503 330 1538 eius
354 1502 526 1537 Meinekii
557 1502 658 1545 libri,
699 1502 758 1546 qui
798 1505 853 1538 est
891 1502 933 1537 de
966 1501 1186 1538 Graecorum
1225 1502 1340 1546 poesis
1372 1502 1625 1538 choliambicae

256 1563 427 1606 reliquiis.

353 1623 507 1659 Restant
532 1623 644 1667 igitur
669 1623 706 1658 hi
731 1622 829 1658 tituli
855 1622 1098 1658 choliambici:

359 1695 424 1740 l.³)
456 1693 652 1741 Σωτηρίχαν
679 1707 722 1738 με
748 1693 871 1739 τύμβος
897 1692 1031 1733 ἐνθάδε,
1060 1692 1152 1734 ξεῖνε,

452 1752 548 1791 οὗτος
573 1752 743 1789 καλύπτει.
770 1752 817 1791 ὣς
841 1752 902 1799 γὰρ
928 1751 1051 1799 ἤθελεν
1077 1751 1206 1798 δαίμων

451 1812 520 1859 τρὶς
546 1812 627 1848 δέκα
652 1812 834 1860 παρασχὼν
863 1811 939 1847 ’ἐτεά
967 1825 1023 1857 μοι
1050 1811 1151 1857 μόνον
1179 1813 1285 1858 ζῆσαι.

355 1883 423 1930 254)
449 1882 491 1920 ‘O
518 1883 647 1922 κλεινὸς
670 1883 729 1923 ἶνις
755 1883 915 1930 βασιλέων
937 1882 1156 1928 Ἀμάζασπος

452 1943 470 1978 ὃ
498 1942 703 1991 Μιθριδάτου
729 1943 890 1989 βασιλέως
914 1942 1119 1989 κασίγνητος·

346 2064 371 2105 ¹)
394 2062 686 2107 Frequentissime
722 2061 893 2095 Romanos
923 2071 1058 2105 quoque
1087 2060 1231 2094 fabellas
1262 2060 1460 2094 adhibuisse
1494 2062 1628 2094 constat

257 2117 298 2152 cf.
322 2118 409 2151 Eun.
433 2116 525 2160 apud
549 2116 637 2151 Gell.
659 2127 693 2150 n.
715 2116 788 2150 Att.
806 2117 836 2158 2,
854 2117 906 2150 29.
929 2115 1035 2150 Lucil.
1060 2115 1100 2149 fr.
1117 2117 1192 2150 778.
1237 2115 1354 2149 Horat.
1380 2116 1443 2150 sat.
1467 2116 1498 2158 2,
1521 2116 1552 2157 6,
1575 2117 1627 2149 77.

257 2173 357 2217 epist.
379 2172 407 2214 I,
434 2175 463 2213 l,
486 2173 538 2206 73.
563 2173 594 2214 3,
622 2173 671 2206 19.
695 2173 725 2213 7,
749 2172 804 2206 29.
829 2173 880 2213 10,
904 2173 955 2205 34.
984 2173 1034 2212 17,
1059 2172 1112 2204 50.
1135 2172 1198 2204 art.
1223 2171 1313 2213 poet.
1341 2171 1410 2204 139.
1437 2169 1534 2204 Ovid.
1550 2169 1628 2204 fast.

256 2230 288 2269 4,
312 2228 386 2261 700.
410 2226 523 2260 Plaut.
548 2225 636 2260 Rud.
660 2225 698 2267 V,
724 2227 753 2267 2,
777 2226 829 2259 39.
853 2225 923 2259 Liv.
949 2226 980 2265 2,
1004 2226 1056 2258 32.
1081 2225 1204 2259 Juven.
1226 2224 1254 2266 I,
1279 2226 1310 2266 2,
1333 2226 1388 2258 63.
1412 2234 1439 2257 e.
1464 2233 1493 2258 c.

346 2281 373 2323 ²)
396 2280 487 2324 apud
509 2279 759 2314 Rossbachium
783 2281 817 2314 et
833 2279 1090 2323 Westphalium,
1113 2279 1240 2313 Metrik
1264 2278 1294 2314 d.
1313 2278 1370 2314 Gr.
1395 2280 1427 2321 3,
1450 2279 1481 2312 2.
1504 2288 1537 2322 p.
1554 2279 1627 2313 820.

258 2346 285 2370 e.
311 2346 355 2378 s.;
379 2334 532 2369 eiusdem
555 2334 843 2376 dissertationem,
869 2344 971 2378 quam
996 2344 1033 2367 se
1057 2333 1290 2368 confecturum
1313 2334 1355 2367 de
1377 2333 1494 2367 Babrii
1516 2334 1628 2367 aetate

256 2390 424 2433 promisit,
447 2389 576 2423 frustra
598 2388 803 2422 desideravi.

345 2444 372 2485 ³)
395 2443 436 2478 cf.
459 2443 593 2477 Kaibel.
618 2442 725 2486 epigr.
750 2453 780 2477 e.
806 2442 827 2476 l.
853 2442 929 2476 coll.
953 2452 1026 2476 nro.
1052 2443 1126 2476 276.

347 2500 371 2540 ⁴)
396 2498 437 2532 cf.
459 2497 599 2532 Kaibel.
622 2508 695 2531 nro.
720 2499 795 2532 549.
839 2497 1007 2540 Meineke,
1030 2497 1088 2532 Gr.
1113 2500 1207 2540 poes.
1231 2497 1319 2531 chol.
1341 2497 1403 2531 rel.
1427 2506 1459 2540 p.
1486 2497 1558 2530 173.
