1868 2981
832 164 1068 200 -20-

352 267 435 312 Qua
453 267 735 312 Hephaestionis
760 276 932 311 perversa
949 267 1113 312 opinione
1130 266 1265 302 factum
1284 276 1361 302 esse
1378 267 1466 303 mihi
1484 267 1635 309 videtur,

255 330 298 362 ut
315 326 520 362 Meinekius
545 329 758 371 anapaestos
775 336 819 361 ex
836 326 1077 371 Hipponactis
1095 326 1304 371 fragmentis
1321 326 1436 362 eicere
1463 326 1635 363 studeret.

357 386 476 430 Quare
493 385 665 421 Babrium
692 396 769 421 cum
796 386 938 421 omnino
964 395 1036 421 non
1053 385 1163 421 fuisse
1189 385 1407 422 imitatorem
1424 385 1635 422 choliambo-

258 446 479 490 graphorum
505 445 748 481 Romanorum
786 445 988 488 videamus,
1027 456 1070 481 ex
1111 445 1186 481 eius
1225 449 1306 481 arte
1344 446 1495 481 metrica
1524 445 1635 481 fuisse

258 506 403 541 natione
428 505 631 541 Romanum
657 505 820 541 conicere
847 515 918 541 non
944 506 1040 541 licet.

355 565 456 609 Quod
488 565 640 609 denique
673 575 695 600 a
726 564 852 600 Crusio
892 565 1046 610 vestigia
1084 564 1259 609 quaedam
1290 575 1310 600 e
1340 564 1467 600 Babrii
1503 575 1636 609 genere

253 625 395 661 dicendi
425 625 670 667 conferuntur,
713 624 807 660 unde
844 624 1016 660 Babrium
1058 624 1169 660 fuisse
1210 624 1411 660 Romanum
1450 627 1635 669 appareat,

255 695 298 720 ea
323 684 487 729 profecta
512 695 590 720 esse
616 695 686 719 non
718 695 761 720 ex
793 684 999 720 fabulatore
1030 685 1124 730 ipso,
1163 684 1225 720 sed
1264 695 1307 720 ex
1338 694 1404 720 usu
1435 684 1634 727 mitissimo,

254 755 323 789 quo
341 748 448 789 poeta
465 756 487 779 a
505 744 689 788 magistris
706 747 742 780 et
760 744 881 788 pueris
898 744 935 779 in
962 745 1093 780 scholis
1118 744 1255 780 mediae
1280 744 1410 779 aetatis
1437 747 1634 788 pertracta-

256 804 375 848 batur,
417 804 493 840 veri
531 804 748 839 simillimum
786 807 851 839 est.
922 803 1053 839 Liceat
1083 807 1201 840 autem
1240 804 1303 839 illa
1337 803 1433 849 apud
1463 803 1634 839 Babrium

256 864 426 900 sermonis
443 864 689 899 Romanorum
707 863 860 907 vestigia
884 875 905 898 a
928 863 1149 899 Zachariaeo
1162 864 1204 909 1)‚
1224 862 1362 906 Crusio,
1386 864 1468 898 aliis
1485 864 1634 899 collecta

258 923 373 959 denuo
399 923 632 968 perlustrare.

353 1015 540 1062 Λιβυστῖνοι
566 1016 611 1051 cf.
639 1026 795 1060 prooem.
824 1016 857 1059 2,
886 1016 924 1050 5:

355 1075 466 1110 codex
492 1075 541 1110 A.
571 1074 716 1110 exhibet
742 1073 832 1120 λίβυς
856 1073 959 1115 τινός,
1001 1073 1203 1109 emendavit
1228 1073 1513 1111 Schneidewinus
1536 1074 1636 1121 Λιβυ-

256 1136 373 1175 στῖνοις
399 1136 520 1179 itaque
542 1135 682 1170 lubrica
701 1145 778 1170 esse
795 1135 885 1170 haec
903 1134 1021 1169 Orusii
1039 1134 1245 1170 coniectura
1263 1134 1415 1177 videtur,
1443 1144 1521 1170 cum
1538 1134 1636 1170 nulla

256 1195 329 1229 alia
354 1205 393 1229 re
419 1195 569 1237 nitatur,
596 1195 667 1229 nisi
693 1193 951 1229 Schneidewini
977 1194 1234 1229 emendatione.
1287 1194 1509 1239 Quamquam
1534 1194 1635 1241 Λιβυ-

256 1255 357 1289 στῖνοι
381 1254 476 1299 apud
503 1257 644 1290 veteres
662 1253 884 1290 Graecorum
910 1255 1106 1298 scriptores
1129 1264 1199 1290 non
1217 1254 1384 1299 leguntur
1403 1254 1637 1299 —leguntur

256 1313 379 1360 Λίβυες
405 1318 442 1349 et
467 1314 609 1361 Λιβυκοί
633 1334 680 1340 -
707 1318 827 1349 tamen
853 1314 962 1349 simili
986 1314 1127 1349 ratione
1155 1317 1238 1349 sunt
1264 1313 1402 1360 Καρῖνοι
1427 1318 1465 1349 et
1481 1313 1634 1361 Καρικοί.

255 1373 414 1408 Primum
442 1374 583 1417 quidem
606 1373 836 1408 inveniuntur
852 1373 1032 1418 Libystini
1057 1373 1151 1418 apud
1168 1372 1391 1419 Catullum2).
1434 1373 1636 1409 Macrobius

257 1437 377 1469 autem
403 1433 610 1479 Apollinem
642 1433 869 1478 Libystinum
905 1444 927 1468 a
958 1432 1087 1469 Siculis
1119 1434 1252 1469 cultum
1291 1443 1369 1469 esse
1407 1437 1532 1470 auctor
1569 1438 1633 1470 est.

255 1493 377 1537 Quare
395 1494 472 1529 veri
489 1494 705 1529 simillimum
724 1496 779 1528 est
792 1492 973 1528 Catullum
987 1492 1273 1528 Alexandrinum
1292 1493 1466 1536 quendam
1479 1497 1634 1537 poetam,

255 1552 410 1587 fortasse
428 1551 696 1594 Callimachum,
723 1553 882 1587 secutum
908 1552 999 1587 hanc
1025 1552 1174 1587 formam
1201 1562 1220 1588 e
1238 1551 1387 1588 Graecis
1413 1553 1636 1589 transtulisse

257 1612 303 1647 ad
328 1611 521 1648 Romanos.
573 1612 744 1654 Accedit,
785 1612 878 1656 quod
911 1616 1003 1647 teste
1035 1611 1217 1657 Stephano
1248 1613 1425 1658 Byzantio
1436 1613 1464 1658 ³)
1515 1612 1636 1660 Λίβυες

255 1671 350 1706 idem
376 1674 480 1706 erant
506 1682 547 1706 ac
574 1671 776 1717 Λιβυστῖνοι,
809 1675 865 1712 ut,
899 1671 935 1706 ni
968 1671 1091 1713 fallor,
1124 1672 1230 1706 metri
1255 1682 1365 1707 causa
1388 1672 1544 1708 Babrius
1569 1673 1635 1708 hac

256 1731 382 1777 forma,
411 1732 442 1768 si
467 1742 553 1768 vera
578 1736 685 1776 atque
711 1732 864 1777 genuina
890 1735 955 1774 est,
982 1742 1066 1768 usus
1094 1742 1171 1768 esse
1197 1733 1308 1777 possit
1332 1732 1456 1769 videri.

355 1822 430 1858 ὗλαι
456 1824 647 1868 pluralem:

353 1883 511 1919 Babrius
525 1883 640 1919 sexies
654 1883 827 1926 adhibuit,
846 1886 967 1918 tamen
980 1883 1155 1927 singulari
1167 1893 1314 1920 numero
1329 1894 1400 1919 non
1413 1884 1588 1920 abstinuit
1594 1883 1634 1930 ⁴).

257 1943 363 1988 Apud
389 1944 654 1986 antiquissimos
679 1943 874 1987 scriptores
902 1942 1062 1978 Graecos
1088 1944 1264 1987 pluralem
1289 1943 1387 1979 vocis
1412 1942 1474 1990 ὕλη
1500 1943 1636 1979 frustra

254 2003 429 2047 quaesivi,
461 2003 606 2047 repperi
631 2006 751 2038 tamen
777 2003 848 2037 iam
881 2002 976 2047 apud
1001 2002 1234 2037 Aristotelem
1243 2002 1284 2047 ⁵),
1311 2002 1516 2047 saepissime
1542 2003 1635 2047 apud

255 2063 482 2107 posteriores,
511 2068 552 2097 ut
577 2063 671 2106 apud
684 2062 835 2106 Dionys.
853 2062 975 2097 Halic.
1007 2062 1051 2096 de
1077 2062 1188 2097 Thuc.
1221 2062 1253 2105 6,
1280 2062 1377 2097 Plut.
1408 2062 1542 2097 Parall.
1574 2063 1635 2104 21,

251 2121 399 2166 Dionys.
449 2121 613 2165 Perierg.
670 2121 780 2162 1127,
832 2120 943 2165 Orph.
997 2119 1086 2165 Arg.
1140 2121 1222 2156 672.
1266 2124 1304 2156 et
1353 2121 1441 2163 681,
1491 2120 1632 2157 Aelian.

343 2250 367 2290 ²)
389 2249 432 2282 de
457 2249 606 2282 dictione
630 2249 813 2290 Babriana,
837 2248 920 2281 diss.
945 2247 1059 2282 Goett.
1085 2249 1179 2281 1875.

342 2303 365 2345 ¹)
391 2304 444 2344 60,
472 2306 503 2336 1:
528 2302 702 2336 montibus
725 2302 928 2345 Libystinis.

340 2357 364 2399 ³)
389 2368 424 2400 p.
446 2358 521 2391 415.

342 2413 365 2454 ⁴)
393 2412 509 2453 12,14.
534 2412 587 2452 23,
606 2414 635 2444 1.
658 2412 712 2452 43,
731 2413 783 2445 ll.
805 2411 859 2452 45,
877 2412 910 2445 7.
932 2412 986 2452 46,
1006 2413 1033 2444 1.
1058 2412 1110 2452 76,
1129 2412 1159 2444 6.
1184 2411 1235 2452 90,
1255 2412 1283 2443 1.
1308 2411 1396 2452 (129,
1414 2412 1456 2452 6).

341 2466 366 2506 ⁶)
391 2465 541 2507 Metaph.
565 2465 609 2498 M.
634 2466 664 2505 9,
691 2464 824 2498 1085.b.
