1868 2981
353 275 454 320 Quod
481 275 525 310 ab
552 274 715 311 omuibus
741 274 910 310 Achaeus
936 274 1034 310 canis
1061 273 1218 318 eligatur
1244 273 1329 318 dux,
1363 273 1463 309 cuius
1488 274 1629 318 generis

253 336 404 371 virtutes
431 346 453 371 a
479 335 576 370 nullo
601 338 763 371 veterum
788 335 964 378 scriptore
990 334 1059 369 nisi
1084 344 1107 369 a
1132 333 1267 369 Babrio
1299 337 1629 376 commemorentur,

252 395 347 431 haud
385 395 491 431 dubie
529 394 726 439 significari
757 394 1083 439 praeclarissimum
1114 393 1202 429 illud
1227 393 1451 429 Achaeorum
1484 394 1627 437 bellum,

252 456 289 490 in
314 455 407 499 quod
424 455 551 491 Babrii
578 459 678 490 aetas
705 454 862 490 incidere
888 453 1047 498 putanda
1070 453 1129 490 sit.
1181 453 1283 498 Quod
1300 453 1437 489 Kelleri
1459 454 1628 490 iudicium

252 519 386 550 temere
412 515 629 558 nimiumque
654 514 870 550 festinanter
897 514 1030 549 dictum
1057 523 1134 549 esse
1165 517 1203 549 et
1228 513 1451 549 Eberhardio
1477 517 1514 549 et
1542 514 1630 549 mihi

252 575 404 610 videtur.
447 574 563 610 Iidem
592 575 683 610 enim
701 573 931 609 Achaeorum
966 584 1071 609 canes
1095 584 1116 608 a
1139 573 1286 609 Polluce
1295 573 1326 619 ¹)
1356 573 1626 618 praedicantur:

252 633 400 669 Γενναῖοι
414 633 510 673 κύνες
519 633 721 677 Λακωνικαί,
738 631 1307 680 Λάκαιναι,Ἀρκαδες,Ἀργολίδες
1321 660 1329 669 .
1346 660 1353 668 .
1370 661 1377 668 .
1394 632 1424 667 οἱ
1437 632 1474 667 δὲ
1487 631 1584 671 κύνες
1597 632 1628 668 οἱ

252 693 418 728 Ψυλλικοὶ
449 692 653 738 καλούμενοι
679 692 744 727 ἀπὸ
770 692 902 731 πόλεως
924 691 1092 740 Ἀχαϊκῆς
1117 690 1307 738 κέκληνται.
1359 692 1462 734 Tum,
1489 692 1628 728 etiamsi

251 753 506 788 concederetur
532 752 685 787 describi
710 752 773 787 illo
800 752 952 796 apologo
976 751 1203 787 Achaeorum
1228 751 1371 792 bellum.
1398 755 1520 787 tamen
1544 751 1626 787 inde

250 812 338 848 nihil
370 812 468 848 aliud
499 811 772 848 concluderetur
802 811 872 847 nisi
897 811 1071 847 Babrium
1104 815 1185 856 post
1215 811 1253 847 id
1284 816 1423 856 tempus
1453 811 1625 856 floruisse,

251 873 322 916 sed,
351 876 439 915 quot
465 872 569 907 annis
594 875 677 916 post
701 871 790 906 illud
817 871 946 906 bellum
973 872 1119 915 vixerit,
1161 881 1204 906 ex
1230 871 1298 906 hac
1328 871 1461 907 fabella
1487 872 1626 907 omnino

250 942 320 967 non
352 932 590 975 cognoscitur.
641 931 765 966 Facile
796 931 890 966 enim
917 930 1070 965 Babrius
1102 930 1292 974 apologum
1324 941 1394 966 non
1426 941 1470 966 ex
1500 935 1626 976 suopte

250 991 404 1035 ingenio,
433 991 493 1026 sed
519 1002 564 1026 ex
588 991 660 1026 alio
687 991 839 1034 quodam
864 990 1062 1025 fabulatore
1087 990 1233 1025 haurire
1258 993 1411 1034 poterat.

349 1060 419 1097 Sed
444 1061 654 1096 recedamus
680 1061 727 1097 ad
752 1071 806 1103 ea,
833 1071 924 1104 quae
950 1071 972 1096 a
999 1060 1126 1097 Crusio
1153 1061 1197 1097 de
1214 1061 1342 1096 Babrii
1368 1064 1488 1096 aetate
1513 1064 1626 1106 temp-

250 1124 384 1157 tantur.
437 1121 537 1156 Dicit
563 1121 656 1156 enim
683 1127 825 1165 poetam
843 1120 1005 1156 floruisse
1023 1121 1241 1164 imperatore
1258 1120 1463 1156 Alexandro
1481 1119 1624 1156 Severo.

249 1181 308 1216 Ac
334 1181 484 1224 primum
512 1180 652 1224 quidem
680 1180 825 1222 Crusio,
865 1181 1005 1215 etiamsi
1036 1180 1114 1224 ipse
1145 1181 1189 1215 ab
1216 1180 1289 1215 ullo
1316 1180 1490 1224 scriptore
1517 1180 1625 1214 filium

249 1238 381 1275 Severo
421 1239 531 1275 fuisse
570 1240 667 1276 tradi
705 1244 830 1284 negat,
868 1243 989 1275 tamen
1027 1239 1220 1276 verisimile
1249 1239 1392 1275 videtur
1418 1239 1625 1285 discipulum

248 1300 359 1334 fuisse
385 1299 496 1334 filium
523 1299 724 1335 Alexandri
750 1299 933 1345 Severi2),
966 1300 1097 1344 quippe
1124 1309 1226 1343 quem
1252 1300 1393 1335 omnino
1419 1309 1489 1335 non
1515 1299 1625 1334 fuisse

248 1359 437 1394 mulierum
463 1368 602 1395 osorem
628 1362 776 1395 constet.
829 1358 899 1395 Sed
926 1359 962 1394 in
988 1362 1089 1395 tanto
1120 1359 1336 1403 scriptorum
1367 1359 1465 1394 illius
1497 1359 1626 1395 aetatis

248 1428 393 1454 numero
420 1418 499 1453 fieri
525 1419 684 1462 potuisse
711 1423 828 1463 putas,
860 1422 901 1453 ut
926 1419 1178 1463 imperatorius
1203 1418 1296 1454 filius
1321 1419 1432 1453 tantis
1458 1419 1625 1454 obscura-

247 1481 349 1513 retur
379 1478 547 1520 nubibus‚
586 1483 628 1513 ut
665 1478 797 1513 nemini
833 1481 938 1513 notus
970 1478 1019 1513 sit
1049 1478 1117 1513 nisi
1142 1477 1375 1513 Boissonadio
1408 1481 1445 1513 et
1470 1477 1625 1514 Crusio‘?

246 1536 437 1573 Accedunt
462 1542 651 1582 praeterea
676 1539 827 1573 maiores
853 1538 1094 1580 difficultates,
1120 1538 1247 1581 quibus
1265 1537 1412 1573 Crusius
1435 1548 1624 1582 oppressus

246 1600 288 1631 ut
318 1597 516 1641 naufragus
547 1597 682 1632 frustra
712 1597 863 1634 laboret.
917 1596 1067 1632 Constat
1093 1597 1186 1632 euim
1211 1596 1425 1632 Dositheum
1455 1597 1492 1632 in
1521 1607 1623 1632 usum

245 1667 437 1701 puerorum
465 1656 686 1693 Graecorum
711 1657 881 1693 Latinam
906 1658 1063 1702 linguam
1090 1657 1301 1693 discentium
1326 1657 1465 1703 Hygini
1494 1667 1624 1701 genea-

244 1716 379 1759 logiam
406 1716 549 1752 Graece
576 1721 614 1752 et
638 1717 770 1752 Latine
803 1717 1030 1762 descripsisse
1060 1727 1152 1752 anno
1177 1728 1211 1761 p.
1239 1716 1324 1752 Chr.
1351 1727 1387 1754 n.
1414 1717 1513 1761 207.‚
1555 1727 1623 1761 quo

244 1787 337 1813 anno
387 1776 462 1822 ipse
506 1780 609 1821 pater
655 1776 865 1813 Alexander
911 1778 1080 1822 puerulus
1126 1781 1205 1813 erat
1247 1777 1395 1813 duorum
1437 1787 1621 1813 annorum.

244 1836 372 1881 Itaque
412 1835 559 1872 Crusius
598 1848 659 1873 eos
696 1837 825 1872 Babrii
863 1838 1050 1882 apologos,
1090 1847 1177 1881 quos
1213 1837 1409 1873 Dositheus
1446 1838 1484 1873 in
1522 1847 1622 1873 suum

243 1896 403 1932 libellum
429 1897 576 1941 recepit,
603 1897 749 1932 haustos
776 1907 853 1932 esse
879 1907 923 1932 ex
948 1897 1069 1941 priore
1085 1896 1214 1932 Babrii
1240 1897 1398 1933 editione
1423 1896 1625 1932 arbitratur

243 1956 397 2001 triginta
423 1957 570 1993 circiter
598 1957 699 1992 annis
725 1961 808 1992 ante
835 1957 987 1992 alteram
1012 1956 1049 1991 in
1074 1956 1190 1992 lucem
1214 1956 1331 1992 missa.
1384 1956 1486 2001 Quae
1516 1957 1546 1992 si
1570 1956 1623 1992 ita

331 2129 358 2170 ¹)
381 2130 413 2172 5,
436 2132 489 2164 37.

330 2195 358 2238 ²)
381 2194 482 2229 Nunc
520 2195 659 2239 quidem
699 2195 840 2230 Crusius
879 2195 919 2230 cf.
957 2195 1229 2230 Wochenschrift
1265 2194 1321 2229 fiir
1358 2194 1464 2228 klass.
1499 2193 1622 2228 Philol.

242 2250 337 2283 1891.
372 2259 405 2292 p.
431 2251 504 2283 619.
535 2259 563 2283 e.
594 2260 621 2283 s.
652 2260 672 2284 a
700 2250 827 2285 Babrio
863 2250 1033 2293 appellari
1067 2250 1151 2284 dicit
1176 2250 1372 2284 Branchum
1407 2249 1543 2291 deum,
1578 2258 1620 2282 ex

239 2313 308 2347 quo
348 2302 528 2338 Chilonem
573 2314 650 2339 esse
693 2306 813 2339 natum
857 2305 1082 2348 Aristagoras
1119 2304 1273 2340 Milesius
1317 2306 1480 2347 testetur,
1524 2303 1620 2338 velut

240 2357 395 2392 Chilonis
431 2361 466 2393 et
493 2360 624 2402 Aesopi
658 2360 842 2393 aemulum.
901 2360 949 2394 Ut
982 2360 1052 2393 alia
1090 2360 1381 2403 praetermittam,
1416 2369 1505 2402 quae
1539 2358 1620 2391 huic

237 2412 393 2454 opinioni
426 2413 670 2457 adversantur‡‚
707 2414 800 2448 haud
840 2414 944 2448 dubie
977 2414 1064 2448 illud
1100 2412 1126 2445 ὧ
1165 2413 1289 2459 Βράγχε
1329 2414 1466 2446 τέκνον
1505 2411 1619 2447 Crusii

239 2468 432 2502 sententiae
455 2468 579 2503 obstat.
