1868 2981
787 166 1029 201 ..26-

561 791 636 831 De
669 791 901 831 Herodae
936 789 1250 833 eholiambis.

315 904 480 938 Fortuna
507 903 635 938 studiis
665 902 754 938 meis
779 901 975 937 Babrianis
1000 900 1120 937 favere
1145 902 1296 945 videtur,
1323 911 1402 937 cum
1426 901 1595 937 Herodae

219 962 431 998 mimiambis
462 971 594 1007 paucos
626 964 709 997 ante
736 961 811 997 dies
842 961 943 1005 quasi
975 961 1020 996 ab
1052 960 1175 997 inferis
1205 961 1242 996 in
1272 961 1387 997 lucem
1416 961 1594 997 revocatis

218 1023 270 1058 eis
301 1023 425 1065 rebus,
465 1032 554 1065 quas
585 1021 693 1057 animi
726 1021 877 1065 quadam
910 1020 1128 1057 divinatione
1160 1021 1204 1056 de
1228 1021 1357 1057 Babrii
1388 1021 1595 1057 choliambis

217 1083 418 1127 suspicatus
448 1092 541 1124 sum,
581 1092 674 1117 nunc
712 1081 910 1117 certissima
941 1081 1087 1116 additur
1115 1080 1202 1116 fides
1233 1081 1429 1124 stabileque
1467 1081 1591 1116 funda-

219 1146 386 1177 mentum.
439 1141 566 1185 Neque
597 1145 719 1176 tamen
743 1141 869 1175 harum
894 1150 1012 1175 rerum
1038 1140 1342 1175 diiudicandarum
1365 1140 1594 1175 difficultates

218 1200 429 1241 diminutae,
469 1200 533 1235 sed
565 1204 692 1235 auctae
717 1199 898 1241 videntur,
939 1199 1022 1242 quia
1047 1199 1215 1235 Herodae
1241 1209 1364 1234 versus
1392 1198 1594 1244 nuperrime

217 1269 240 1295 a
270 1260 446 1305 Kenyone
476 1270 496 1295 e
529 1270 665 1304 papyro
695 1258 880 1304 Aegyptio
920 1258 1088 1303 descripti
1115 1278 1162 1289 -ι
1192 1258 1443 1295 Rutherfordii
1483 1258 1592 1294 editio

216 1319 277 1355 vix
290 1319 399 1363 digna
413 1319 567 1359 videtur,
575 1328 664 1362 quae
679 1318 861 1354 citetm·-—
879 1322 1079 1362 temporum
1093 1318 1282 1361 iniquitate
1295 1318 1435 1362 ingenti
1448 1317 1594 1353 menda-

219 1388 297 1414 rum
323 1382 362 1414 et
387 1379 595 1426 lacunarum
620 1388 768 1413 numero
795 1377 965 1413 maculati
992 1381 1086 1421 sunt,
1115 1388 1264 1422 quarum
1282 1380 1421 1423 partem
1438 1372 1599 1413 Blassius

222 1443 259 1474 et
284 1438 435 1474 Crusius
467 1449 594 1474 sanare
628 1439 831 1474 studebant.
883 1438 927 1473 In
959 1441 1016 1473 tot
1046 1439 1224 1482 tantiswe
1256 1438 1399 1473 errandi
1429 1437 1598 1482 periculis

218 1502 359 1533 versato
385 1498 544 1534 Dielsius
570 1498 656 1533 mihi
692 1497 888 1542 opitulatus
919 1507 985 1533 nec
1020 1497 1174 1542 tempori
1196 1507 1261 1533 nec
1287 1497 1401 1533 labori
1425 1497 1595 1542 pepercit,

219 1562 269 1601 ut,
302 1568 394 1602 quae
411 1558 487 1603 ipse
504 1558 689 1602 ingeniose
708 1557 754 1593 ad
771 1557 993 1593 mimiambos
1010 1558 1270 1602 pernoscendos
1287 1559 1344 1596 vel
1361 1557 1597 1594 emendandos

222 1618 450 1661 excogitavit,
479 1628 521 1653 ea
546 1628 682 1653 mecum
708 1617 992 1652 communicaret.

318 1677 475 1713 Restant
487 1677 658 1713 Herodae
675 1687 799 1714 versus
817 1677 888 1713 598
908 1677 1052 1721 integri,
1072 1687 1221 1721 quorum
1239 1680 1370 1713 exeunt
1386 1677 1424 1713 in
1440 1676 1597 1721 syllabas

218 1740 349 1772 natura
374 1737 501 1780 longas
528 1738 611 1777 327,
638 1737 676 1771 in
703 1739 749 1779 αἴ,
777 1737 823 1778 οἷ,
850 1750 876 1780 ς,
905 1750 921 1770 ν
948 1740 1016 1772 etc.
1048 1738 1127 1780 199,
1157 1738 1193 1772 in
1219 1737 1361 1772 vocales
1386 1738 1513 1780 breves
1538 1737 1596 1777 72,

222 1799 262 1831 ut
279 1795 504 1832 manifestum
527 1796 575 1831 sit
592 1796 772 1832 Herodam
789 1799 831 1831 ut
848 1799 989 1831 ceteros
1008 1795 1227 1832 Graecorum
1246 1795 1598 1841 choliambographos

220 1857 256 1890 in
284 1857 413 1891 ultima
438 1866 602 1892 versuum
628 1856 712 1891 sede
738 1866 823 1891 raro
849 1856 916 1891 sibi
945 1856 1161 1892 concessisse
1187 1856 1344 1901 syllabas
1369 1858 1537 1891 exeuntes
1559 1856 1597 1890 in

220 1916 362 1951 brevem
394 1916 570 1960 vocalem,
604 1925 693 1960 quas
718 1916 890 1951 Babrium
917 1916 984 1951 hoc
1010 1916 1087 1952 loco
1119 1916 1259 1952 omnino
1285 1916 1418 1952 vitasse
1445 1919 1593 1952 constat.

224 1974 351 2019 Neque
376 1976 483 2011 aliter
508 1976 639 2020 altera,
681 1986 770 2019 quae
796 1976 945 2017 dicitur,
985 1975 1111 2010 Babrii
1137 1976 1263 2019 regula
1288 1985 1366 2011 sese
1396 1975 1520 2011 habet:
1559 1976 1597 2010 in

220 2034 442 2079 paenultima
467 2045 632 2071 versuum
658 2034 741 2070 sede
760 2034 911 2071 considit
929 2038 1112 2077 accentum
1137 2044 1241 2079 quam
1258 2045 1419 2071 normam
1435 2034 1598 2071 Herodas

219 2095 271 2131 ita
296 2099 437 2131 secutus
464 2099 534 2140 est,
569 2099 611 2131 ut
637 2106 715 2131 eam
744 2096 1037 2140 quadringenties
1063 2096 1186 2131 tricies
1211 2096 1398 2139 quinquies
1423 2101 1596 2137 servaret,

220 2155 374 2191 violaret
398 2155 533 2191 centies
560 2155 724 2199 sexagies
750 2158 819 2191 ter.
871 2154 971 2200 Quae
998 2164 1077 2189 cum
1102 2155 1156 2190 ita
1181 2155 1271 2197 sint,
1303 2154 1397 2198 quod
1422 2158 1527 2190 antea
1552 2165 1597 2190 ex

220 2214 499 2250 eholiamborum
536 2215 699 2259 reliquiis
730 2214 904 2250 Babrium
936 2225 1007 2250 non
1039 2224 1149 2250 novas
1179 2215 1269 2250 artis
1299 2215 1469 2251 metricae
1499 2214 1598 2258 leges

219 2275 396 2309 invenisse
422 2274 555 2309 conieci
580 2274 644 2309 sed
668 2275 739 2309 iam
765 2277 849 2309 ante
874 2274 969 2308 haud
998 2274 1142 2317 ignotas
1159 2274 1354 2310 excoluisse
1371 2277 1409 2309 et
1425 2273 1597 2317 singulari

219 2343 298 2368 cum
324 2334 519 2369 severitate
545 2334 772 2374 observasse,
806 2333 973 2369 Herodae
998 2332 1211 2368 carminibus
1236 2333 1316 2368 luce
1345 2333 1477 2368 clarius
1502 2343 1596 2369 com·

218 2393 403 2438 probatur.
464 2393 569 2439 Quod
606 2393 812 2438 saepissime
849 2393 1018 2429 Herodes
1055 2396 1096 2428 ut
1133 2393 1290 2429 Babrius
1332 2393 1596 2438 pronominibus

218 2453 326 2499 ἡμεῖς,
352 2453 446 2499 ὑμεῖς
471 2457 540 2490 etc.
572 2454 608 2488 in
639 2454 765 2488 ultima
801 2463 966 2489 versuum
992 2453 1076 2489 sede
1101 2453 1226 2495 utitur,
1252 2462 1344 2488 nunc
1366 2463 1437 2488 non
1469 2453 1598 2488 mirum
