<?xml version="1.0" encoding="UTF-8"?>
<!DOCTYPE html PUBLIC "-//W3C//DTD XHTML 1.0 Transitional//EN"
    "http://www.w3.org/TR/xhtml1/DTD/xhtml1-transitional.dtd">
<html xmlns="http://www.w3.org/1999/xhtml" xml:lang="en" lang="en">
 <head>
  <title>
</title>
<meta http-equiv="Content-Type" content="text/html;charset=utf-8" />
  <meta name='ocr-system' content='tesseract 3.04.00' />
  <meta name='ocr-capabilities' content='ocr_page ocr_carea ocr_par ocr_line ocrx_word'/>
</head>
<body>
  <div class='ocr_page' id='page_1' title='image "4737236_0024.png"; bbox 0 0 1868 2981; ppageno 0'>
   <div class='ocr_carea' id='block_1_1' title="bbox 815 174 1057 209">
    <p class='ocr_par' dir='ltr' id='par_1_1' title="bbox 815 174 1057 209">
     <span class='ocr_line' id='line_1_1' title="bbox 815 174 1057 209; baseline 0 -11"><span class='ocrx_word' id='word_1_1' title='bbox 815 174 960 209; x_wconf 81' lang='lat'><strong>-14</strong></span> <span class='ocrx_word' id='word_1_2' title='bbox 1013 193 1057 200; x_wconf 65' lang='grc'><strong>--</strong></span> 
     </span>
    </p>
   </div>
   <div class='ocr_carea' id='block_1_2' title="bbox 237 274 1619 2319">
    <p class='ocr_par' dir='ltr' id='par_1_2' title="bbox 447 274 1214 323">
     <span class='ocr_line' id='line_1_2' title="bbox 447 274 1214 323; baseline 0.001 -12"><span class='ocrx_word' id='word_1_3' title='bbox 447 274 499 311; x_wconf 73' lang='grc' dir='ltr'><strong>ἀπ’</strong></span> <span class='ocrx_word' id='word_1_4' title='bbox 527 275 669 322; x_wconf 67' lang='grc' dir='ltr'>οὐρανοῦ</span> <span class='ocrx_word' id='word_1_5' title='bbox 695 275 878 312; x_wconf 76' lang='grc' dir='ltr'><strong>κατέπεσεν</strong></span> <span class='ocrx_word' id='word_1_6' title='bbox 905 276 950 315; x_wconf 81' lang='grc' dir='ltr'><strong>εἰς</strong></span> <span class='ocrx_word' id='word_1_7' title='bbox 974 276 1075 312; x_wconf 83' lang='grc' dir='ltr'>πέδον</span> <span class='ocrx_word' id='word_1_8' title='bbox 1100 276 1214 323; x_wconf 73' lang='grc' dir='ltr'>γαίηςς</span> 
     </span>
    </p>

    <p class='ocr_par' dir='ltr' id='par_1_3' title="bbox 442 334 1424 505">
     <span class='ocr_line' id='line_1_3' title="bbox 442 334 1263 384; baseline 0.001 -12"><span class='ocrx_word' id='word_1_9' title='bbox 442 334 575 384; x_wconf 76' lang='grc' dir='ltr'>Ἑρμῆς</span> <span class='ocrx_word' id='word_1_10' title='bbox 599 337 627 372; x_wconf 84' lang='grc' dir='ltr'><strong>δ’</strong></span> <span class='ocrx_word' id='word_1_11' title='bbox 648 335 666 372; x_wconf 85' lang='grc' dir='ltr'>ὁ</span> <span class='ocrx_word' id='word_1_12' title='bbox 692 334 805 376; x_wconf 76' lang='grc' dir='ltr'>Μαίας</span> <span class='ocrx_word' id='word_1_13' title='bbox 831 335 894 374; x_wconf 78' lang='grc' dir='ltr'><strong>οὔκ</strong></span> <span class='ocrx_word' id='word_1_14' title='bbox 920 335 1051 374; x_wconf 66' lang='grc' dir='ltr'>ἔκλαυέ</span> <span class='ocrx_word' id='word_1_15' title='bbox 1080 336 1135 373; x_wconf 80' lang='grc' dir='ltr'><strong>ἑὸν</strong></span> <span class='ocrx_word' id='word_1_16' title='bbox 1162 338 1263 373; x_wconf 83' lang='grc' dir='ltr'>παῖδα</span> 
     </span>
     <span class='ocr_line' id='line_1_4' title="bbox 446 394 1424 445; baseline 0.002 -13"><span class='ocrx_word' id='word_1_17' title='bbox 446 394 613 444; x_wconf 84' lang='grc' dir='ltr'>Μυρτίλον</span> <span class='ocrx_word' id='word_1_18' title='bbox 639 395 706 432; x_wconf 81' lang='grc' dir='ltr'><strong>ἀπὸ</strong></span> <span class='ocrx_word' id='word_1_19' title='bbox 731 395 857 445; x_wconf 81' lang='grc' dir='ltr'>δίφρων</span> <span class='ocrx_word' id='word_1_20' title='bbox 883 396 1116 444; x_wconf 48' lang='lat' dir='ltr'><strong>vobin-actvm)</strong></span> <span class='ocrx_word' id='word_1_21' title='bbox 1142 396 1349 445; x_wconf 79' lang='grc' dir='ltr'>φορούμενον</span> <span class='ocrx_word' id='word_1_22' title='bbox 1357 397 1424 445; x_wconf 79' lang='lat'><strong>(⁶?);</strong></span> 
     </span>
     <span class='ocr_line' id='line_1_5' title="bbox 446 454 1262 505; baseline 0.001 -13"><span class='ocrx_word' id='word_1_23' title='bbox 446 455 513 493; x_wconf 68' lang='grc' dir='ltr'>οὐδ’</span> <span class='ocrx_word' id='word_1_24' title='bbox 541 455 582 493; x_wconf 78' lang='grc' dir='ltr'><strong>αὖ</strong></span> <span class='ocrx_word' id='word_1_25' title='bbox 608 454 702 496; x_wconf 77' lang='grc' dir='ltr'>Θέτις</span> <span class='ocrx_word' id='word_1_26' title='bbox 725 457 782 492; x_wconf 83' lang='grc' dir='ltr'><strong>τὸν</strong></span> <span class='ocrx_word' id='word_1_27' title='bbox 808 456 971 505; x_wconf 82' lang='grc' dir='ltr'>σθεναρὸν</span> <span class='ocrx_word' id='word_1_28' title='bbox 997 458 1127 494; x_wconf 83' lang='grc' dir='ltr'>ἔστενεν</span> <span class='ocrx_word' id='word_1_29' title='bbox 1152 458 1262 502; x_wconf 86' lang='grc' dir='ltr'>παῖδα,</span> 
     </span>
    </p>

    <p class='ocr_par' dir='ltr' id='par_1_4' title="bbox 446 514 1263 565">
     <span class='ocr_line' id='line_1_6' title="bbox 446 514 1263 565; baseline 0.005 -13"><span class='ocrx_word' id='word_1_30' title='bbox 446 516 493 552; x_wconf 80' lang='grc' dir='ltr'><strong>ὅτ’</strong></span> <span class='ocrx_word' id='word_1_31' title='bbox 522 516 562 553; x_wconf 79' lang='grc' dir='ltr'><strong>ἐκ</strong></span> <span class='ocrx_word' id='word_1_32' title='bbox 588 514 760 563; x_wconf 85' lang='grc' dir='ltr'>βελέμνων</span> <span class='ocrx_word' id='word_1_33' title='bbox 785 516 912 565; x_wconf 80' lang='grc' dir='ltr'>θνῆσκε</span> <span class='ocrx_word' id='word_1_34' title='bbox 937 520 1004 553; x_wconf 86' lang='grc' dir='ltr'><strong>τῶν</strong></span> <span class='ocrx_word' id='word_1_35' title='bbox 1030 517 1263 559; x_wconf 69' lang='grc' dir='ltr'>Ἀπόλλωνοςς</span> 
     </span>
    </p>

    <p class='ocr_par' dir='ltr' id='par_1_5' title="bbox 444 576 1257 684">
     <span class='ocr_line' id='line_1_7' title="bbox 444 576 1257 624; baseline 0.001 -12"><span class='ocrx_word' id='word_1_36' title='bbox 444 577 462 612; x_wconf 82' lang='grc' dir='ltr'>ὁ</span> <span class='ocrx_word' id='word_1_37' title='bbox 488 577 517 612; x_wconf 89' lang='grc' dir='ltr'><strong>δ’</strong></span> <span class='ocrx_word' id='word_1_38' title='bbox 535 576 576 613; x_wconf 80' lang='grc' dir='ltr'><strong>αὖ</strong></span> <span class='ocrx_word' id='word_1_39' title='bbox 602 578 730 624; x_wconf 84' lang='grc' dir='ltr'>βροτῶν</span> <span class='ocrx_word' id='word_1_40' title='bbox 755 591 793 613; x_wconf 87' lang='grc' dir='ltr'><strong>τε</strong></span> <span class='ocrx_word' id='word_1_41' title='bbox 819 577 874 613; x_wconf 77' lang='grc' dir='ltr'><strong>καὶ</strong></span> <span class='ocrx_word' id='word_1_42' title='bbox 899 577 990 613; x_wconf 85' lang='grc' dir='ltr'>θεῶν</span> <span class='ocrx_word' id='word_1_43' title='bbox 1015 577 1149 613; x_wconf 79' lang='grc' dir='ltr'>πάντων</span> <span class='ocrx_word' id='word_1_44' title='bbox 1177 576 1257 618; x_wconf 80' lang='grc' dir='ltr'>ἄναξ</span> 
     </span>
     <span class='ocr_line' id='line_1_8' title="bbox 444 636 1219 684; baseline -0.003 -12"><span class='ocrx_word' id='word_1_45' title='bbox 444 636 629 684; x_wconf 76' lang='grc' dir='ltr'>Σαρπήδον’</span> <span class='ocrx_word' id='word_1_46' title='bbox 657 636 719 672; x_wconf 81' lang='grc' dir='ltr'><strong>οὐκ</strong></span> <span class='ocrx_word' id='word_1_47' title='bbox 745 638 917 680; x_wconf 80' lang='grc' dir='ltr'>ἔκλαυσεν,</span> <span class='ocrx_word' id='word_1_48' title='bbox 944 637 1006 673; x_wconf 80' lang='grc' dir='ltr'><strong>οὐκ</strong></span> <span class='ocrx_word' id='word_1_49' title='bbox 1033 637 1219 676; x_wconf 73' lang='grc' dir='ltr'>ἐκώκυσενς</span> 
     </span>
    </p>

    <p class='ocr_par' dir='ltr' id='par_1_6' title="bbox 445 695 1257 745">
     <span class='ocr_line' id='line_1_9' title="bbox 445 695 1257 745; baseline 0.001 -13"><span class='ocrx_word' id='word_1_50' title='bbox 445 696 514 732; x_wconf 80' lang='grc' dir='ltr'>οὐδ’</span> <span class='ocrx_word' id='word_1_51' title='bbox 533 695 573 733; x_wconf 79' lang='grc' dir='ltr'><strong>αὖ</strong></span> <span class='ocrx_word' id='word_1_52' title='bbox 600 695 774 744; x_wconf 81' lang='grc' dir='ltr'>Μακηδὼν</span> <span class='ocrx_word' id='word_1_53' title='bbox 801 697 819 732; x_wconf 83' lang='grc' dir='ltr'>ὁ</span> <span class='ocrx_word' id='word_1_54' title='bbox 846 697 996 744; x_wconf 81' lang='grc' dir='ltr'>βασιλεὺς</span> <span class='ocrx_word' id='word_1_55' title='bbox 1023 696 1257 745; x_wconf 78' lang='grc' dir='ltr'>Ἀλέξανδρος,</span> 
     </span>
    </p>

    <p class='ocr_par' dir='ltr' id='par_1_7' title="bbox 445 755 1297 805">
     <span class='ocr_line' id='line_1_10' title="bbox 445 755 1297 805; baseline 0 -15"><span class='ocrx_word' id='word_1_56' title='bbox 445 757 481 791; x_wconf 84' lang='grc' dir='ltr'><strong>ὃν</strong></span> <span class='ocrx_word' id='word_1_57' title='bbox 507 755 615 793; x_wconf 78' lang='grc' dir='ltr'>τίκτεν</span> <span class='ocrx_word' id='word_1_58' title='bbox 633 755 783 803; x_wconf 82' lang='grc' dir='ltr'>Ἄμμων</span> <span class='ocrx_word' id='word_1_59' title='bbox 809 755 958 803; x_wconf 82' lang='grc' dir='ltr'>θέμενος</span> <span class='ocrx_word' id='word_1_60' title='bbox 984 757 1029 796; x_wconf 84' lang='grc' dir='ltr'><strong>εἰς</strong></span> <span class='ocrx_word' id='word_1_61' title='bbox 1054 757 1127 805; x_wconf 81' lang='grc' dir='ltr'>ὄφιν</span> <span class='ocrx_word' id='word_1_62' title='bbox 1154 757 1297 805; x_wconf 80' lang='grc' dir='ltr'>μορφήν,</span> 
     </span>
    </p>

    <p class='ocr_par' dir='ltr' id='par_1_8' title="bbox 244 888 1619 1354">
     <span class='ocr_line' id='line_1_11' title="bbox 346 888 1619 934; baseline 0.001 -11"><span class='ocrx_word' id='word_1_63' title='bbox 346 888 588 934; x_wconf 86' lang='lat' dir='ltr'><strong>Ahrensius1)</strong></span> <span class='ocrx_word' id='word_1_64' title='bbox 629 888 672 923; x_wconf 90' lang='lat' dir='ltr'><strong>de</strong></span> <span class='ocrx_word' id='word_1_65' title='bbox 711 899 751 923; x_wconf 90' lang='lat' dir='ltr'><strong>re</strong></span> <span class='ocrx_word' id='word_1_66' title='bbox 788 888 938 924; x_wconf 88' lang='lat' dir='ltr'><strong>metrica</strong></span> <span class='ocrx_word' id='word_1_67' title='bbox 977 889 1109 933; x_wconf 88' lang='lat' dir='ltr'><strong>optime</strong></span> <span class='ocrx_word' id='word_1_68' title='bbox 1142 889 1305 932; x_wconf 90' lang='lat' dir='ltr'><strong>meritus,</strong></span> <span class='ocrx_word' id='word_1_69' title='bbox 1345 888 1485 925; x_wconf 85' lang='lat' dir='ltr'><strong>etiamsi</strong></span> <span class='ocrx_word' id='word_1_70' title='bbox 1514 889 1619 925; x_wconf 91' lang='lat' dir='ltr'><strong>multi</strong></span> 
     </span>
     <span class='ocr_line' id='line_1_12' title="bbox 245 947 1618 993; baseline 0.001 -9"><span class='ocrx_word' id='word_1_71' title='bbox 245 947 385 984; x_wconf 88' lang='lat' dir='ltr'><strong>laudem</strong></span> <span class='ocrx_word' id='word_1_72' title='bbox 403 948 521 993; x_wconf 85' lang='lat' dir='ltr'><strong>legum</strong></span> <span class='ocrx_word' id='word_1_73' title='bbox 535 948 663 984; x_wconf 85' lang='lat' dir='ltr'><strong>Babrii</strong></span> <span class='ocrx_word' id='word_1_74' title='bbox 680 949 910 984; x_wconf 87' lang='lat' dir='ltr'><strong>metricarum</strong></span> <span class='ocrx_word' id='word_1_75' title='bbox 930 949 1150 985; x_wconf 87' lang='lat' dir='ltr'><strong>detectarum</strong></span> <span class='ocrx_word' id='word_1_76' title='bbox 1172 949 1406 985; x_wconf 86' lang='lat' dir='ltr'><strong>detraxerunt</strong></span> <span class='ocrx_word' id='word_1_77' title='bbox 1423 949 1618 986; x_wconf 80' lang='lat' dir='ltr'><strong>editoribus</strong></span> 
     </span>
     <span class='ocr_line' id='line_1_13' title="bbox 246 1008 1615 1054; baseline 0.001 -10"><span class='ocrx_word' id='word_1_78' title='bbox 246 1008 515 1048; x_wconf 83' lang='lat' dir='ltr'><strong>Parisiensibus,</strong></span> <span class='ocrx_word' id='word_1_79' title='bbox 542 1009 630 1044; x_wconf 87' lang='lat' dir='ltr'><strong>dicit</strong></span> <span class='ocrx_word' id='word_1_80' title='bbox 654 1009 760 1044; x_wconf 87' lang='lat' dir='ltr'><strong>haec:</strong></span> <span class='ocrx_word' id='word_1_81' title='bbox 791 1009 1014 1050; x_wconf 83' lang='lat' dir='ltr'><strong>„Memoratu</strong></span> <span class='ocrx_word' id='word_1_82' title='bbox 1041 1009 1187 1052; x_wconf 84' lang='lat' dir='ltr'><strong>dignum</strong></span> <span class='ocrx_word' id='word_1_83' title='bbox 1214 1012 1280 1051; x_wconf 86' lang='lat' dir='ltr'><strong>est,</strong></span> <span class='ocrx_word' id='word_1_84' title='bbox 1312 1019 1400 1053; x_wconf 87' lang='lat' dir='ltr'><strong>quas</strong></span> <span class='ocrx_word' id='word_1_85' title='bbox 1424 1010 1519 1054; x_wconf 84' lang='lat' dir='ltr'><strong>leges</strong></span> <span class='ocrx_word' id='word_1_86' title='bbox 1544 1009 1615 1045; x_wconf 89' lang='lat' dir='ltr'><strong>Ba-</strong></span> 
     </span>
     <span class='ocr_line' id='line_1_14' title="bbox 245 1068 1611 1114; baseline 0.001 -10"><span class='ocrx_word' id='word_1_87' title='bbox 245 1068 344 1104; x_wconf 88' lang='lat' dir='ltr'><strong>brius</strong></span> <span class='ocrx_word' id='word_1_88' title='bbox 370 1068 439 1104; x_wconf 88' lang='lat' dir='ltr'><strong>sibi</strong></span> <span class='ocrx_word' id='word_1_89' title='bbox 465 1068 648 1114; x_wconf 82' lang='lat' dir='ltr'><strong>scripserit</strong></span> <span class='ocrx_word' id='word_1_90' title='bbox 672 1068 711 1104; x_wconf 90' lang='lat' dir='ltr'><strong>in</strong></span> <span class='ocrx_word' id='word_1_91' title='bbox 736 1068 862 1104; x_wconf 87' lang='lat' dir='ltr'><strong>ultimo</strong></span> <span class='ocrx_word' id='word_1_92' title='bbox 889 1068 1167 1105; x_wconf 84' lang='lat' dir='ltr'><strong>choliamborum</strong></span> <span class='ocrx_word' id='word_1_93' title='bbox 1193 1069 1292 1114; x_wconf 85' lang='lat' dir='ltr'><strong>pede.</strong></span> <span class='ocrx_word' id='word_1_94' title='bbox 1342 1069 1503 1106; x_wconf 86' lang='lat' dir='ltr'><strong>Primum</strong></span> <span class='ocrx_word' id='word_1_95' title='bbox 1528 1080 1611 1106; x_wconf 87' lang='lat' dir='ltr'><strong>raro</strong></span> 
     </span>
     <span class='ocr_line' id='line_1_15' title="bbox 246 1129 1612 1174; baseline 0.001 -10"><span class='ocrx_word' id='word_1_96' title='bbox 246 1130 280 1164; x_wconf 91' lang='lat' dir='ltr'><strong>in</strong></span> <span class='ocrx_word' id='word_1_97' title='bbox 319 1132 479 1165; x_wconf 86' lang='lat' dir='ltr'><strong>extremo</strong></span> <span class='ocrx_word' id='word_1_98' title='bbox 517 1139 619 1164; x_wconf 89' lang='lat' dir='ltr'><strong>versu</strong></span> <span class='ocrx_word' id='word_1_99' title='bbox 652 1129 809 1165; x_wconf 83' lang='lat' dir='ltr'><strong>admittit</strong></span> <span class='ocrx_word' id='word_1_100' title='bbox 840 1129 996 1174; x_wconf 86' lang='lat' dir='ltr'>syllabas</span> <span class='ocrx_word' id='word_1_101' title='bbox 1027 1139 1096 1165; x_wconf 91' lang='lat' dir='ltr'><strong>non</strong></span> <span class='ocrx_word' id='word_1_102' title='bbox 1129 1132 1259 1165; x_wconf 84' lang='lat' dir='ltr'><strong>natura</strong></span> <span class='ocrx_word' id='word_1_103' title='bbox 1282 1130 1415 1174; x_wconf 83' lang='lat' dir='ltr'><strong>longas.</strong></span> <span class='ocrx_word' id='word_1_104' title='bbox 1466 1129 1511 1165; x_wconf 90' lang='lat' dir='ltr'><strong>In</strong></span> <span class='ocrx_word' id='word_1_105' title='bbox 1535 1130 1612 1166; x_wconf 92' lang='lat' dir='ltr'><strong>lon-</strong></span> 
     </span>
     <span class='ocr_line' id='line_1_16' title="bbox 245 1189 1615 1233; baseline 0.001 -9"><span class='ocrx_word' id='word_1_106' title='bbox 245 1189 390 1233; x_wconf 84' lang='lat' dir='ltr'><strong>gissima</strong></span> <span class='ocrx_word' id='word_1_107' title='bbox 416 1189 539 1225; x_wconf 86' lang='lat' dir='ltr'><strong>fabula</strong></span> <span class='ocrx_word' id='word_1_108' title='bbox 563 1189 793 1233; x_wconf 85' lang='lat' dir='ltr'><strong>nonagesima</strong></span> <span class='ocrx_word' id='word_1_109' title='bbox 820 1189 961 1233; x_wconf 87' lang='lat' dir='ltr'><strong>quinta,</strong></span> <span class='ocrx_word' id='word_1_110' title='bbox 995 1199 1084 1233; x_wconf 86' lang='lat' dir='ltr'><strong>quae</strong></span> <span class='ocrx_word' id='word_1_111' title='bbox 1117 1192 1257 1225; x_wconf 89' lang='lat' dir='ltr'><strong>centum</strong></span> <span class='ocrx_word' id='word_1_112' title='bbox 1288 1190 1357 1225; x_wconf 89' lang='lat' dir='ltr'><strong>duo</strong></span> <span class='ocrx_word' id='word_1_113' title='bbox 1383 1200 1508 1226; x_wconf 88' lang='lat' dir='ltr'><strong>versus</strong></span> <span class='ocrx_word' id='word_1_114' title='bbox 1534 1200 1615 1226; x_wconf 90' lang='lat' dir='ltr'><strong>con-</strong></span> 
     </span>
     <span class='ocr_line' id='line_1_17' title="bbox 244 1248 1612 1295; baseline 0.001 -12"><span class='ocrx_word' id='word_1_115' title='bbox 244 1249 349 1291; x_wconf 83' lang='lat' dir='ltr'><strong>tinet,</strong></span> <span class='ocrx_word' id='word_1_116' title='bbox 375 1249 486 1284; x_wconf 88' lang='lat' dir='ltr'><strong>semel</strong></span> <span class='ocrx_word' id='word_1_117' title='bbox 511 1249 558 1295; x_wconf 89' lang='lat' dir='ltr'><strong>(v.</strong></span> <span class='ocrx_word' id='word_1_118' title='bbox 592 1249 688 1295; x_wconf 88' lang='grc'>101.)</span> <span class='ocrx_word' id='word_1_119' title='bbox 717 1252 841 1284; x_wconf 85' lang='lat' dir='ltr'><strong>contra</strong></span> <span class='ocrx_word' id='word_1_120' title='bbox 866 1250 1027 1294; x_wconf 88' lang='lat' dir='ltr'><strong>regulam</strong></span> <span class='ocrx_word' id='word_1_121' title='bbox 1053 1252 1237 1294; x_wconf 88' lang='lat' dir='ltr'><strong>peccatum</strong></span> <span class='ocrx_word' id='word_1_122' title='bbox 1264 1253 1329 1285; x_wconf 91' lang='lat' dir='ltr'><strong>est.</strong></span> <span class='ocrx_word' id='word_1_123' title='bbox 1381 1248 1452 1285; x_wconf 88' lang='lat' dir='ltr'><strong>Sed</strong></span> <span class='ocrx_word' id='word_1_124' title='bbox 1478 1250 1521 1285; x_wconf 88' lang='lat' dir='ltr'><strong>de</strong></span> <span class='ocrx_word' id='word_1_125' title='bbox 1545 1250 1612 1286; x_wconf 87' lang='lat' dir='ltr'><strong>hac</strong></span> 
     </span>
     <span class='ocr_line' id='line_1_18' title="bbox 244 1309 1059 1354; baseline 0 -10"><span class='ocrx_word' id='word_1_126' title='bbox 244 1309 324 1354; x_wconf 89' lang='lat' dir='ltr'><strong>lege</strong></span> <span class='ocrx_word' id='word_1_127' title='bbox 351 1319 444 1345; x_wconf 90' lang='lat' dir='ltr'><strong>nunc</strong></span> <span class='ocrx_word' id='word_1_128' title='bbox 470 1310 596 1345; x_wconf 91' lang='lat' dir='ltr'><strong>omitto</strong></span> <span class='ocrx_word' id='word_1_129' title='bbox 624 1310 826 1345; x_wconf 83' lang='lat' dir='ltr'><strong>accuratius</strong></span> <span class='ocrx_word' id='word_1_130' title='bbox 852 1310 1059 1353; x_wconf 83' lang='lat' dir='ltr'><strong>quaere1·e.“</strong></span> 
     </span>
    </p>

    <p class='ocr_par' dir='ltr' id='par_1_9' title="bbox 237 1368 1613 2319">
     <span class='ocr_line' id='line_1_19' title="bbox 344 1368 1612 1414; baseline 0.001 -10"><span class='ocrx_word' id='word_1_131' title='bbox 344 1368 496 1405; x_wconf 89' lang='lat' dir='ltr'><strong>Circiter</strong></span> <span class='ocrx_word' id='word_1_132' title='bbox 533 1370 737 1414; x_wconf 80' lang='lat' dir='ltr'><strong>septuagies</strong></span> <span class='ocrx_word' id='word_1_133' title='bbox 775 1369 929 1405; x_wconf 88' lang='lat' dir='ltr'><strong>Babrius</strong></span> <span class='ocrx_word' id='word_1_134' title='bbox 968 1370 1013 1405; x_wconf 90' lang='lat' dir='ltr'><strong>ab</strong></span> <span class='ocrx_word' id='word_1_135' title='bbox 1051 1370 1118 1405; x_wconf 87' lang='lat' dir='ltr'><strong>hac</strong></span> <span class='ocrx_word' id='word_1_136' title='bbox 1156 1380 1278 1405; x_wconf 86' lang='lat' dir='ltr'><strong>norma</strong></span> <span class='ocrx_word' id='word_1_137' title='bbox 1303 1370 1481 1412; x_wconf 86' lang='lat' dir='ltr'><strong>discessit,</strong></span> <span class='ocrx_word' id='word_1_138' title='bbox 1521 1380 1612 1414; x_wconf 89' lang='lat' dir='ltr'><strong>quae</strong></span> 
     </span>
     <span class='ocr_line' id='line_1_20' title="bbox 243 1429 1610 1475; baseline 0.001 -10"><span class='ocrx_word' id='word_1_139' title='bbox 243 1429 404 1475; x_wconf 87' lang='lat' dir='ltr'><strong>exempla</strong></span> <span class='ocrx_word' id='word_1_140' title='bbox 429 1429 497 1465; x_wconf 89' lang='lat' dir='ltr'><strong>hoc</strong></span> <span class='ocrx_word' id='word_1_141' title='bbox 522 1429 626 1466; x_wconf 88' lang='lat' dir='ltr'><strong>modo</strong></span> <span class='ocrx_word' id='word_1_142' title='bbox 645 1429 844 1465; x_wconf 88' lang='lat' dir='ltr'><strong>dirimenda</strong></span> <span class='ocrx_word' id='word_1_143' title='bbox 861 1430 1062 1466; x_wconf 90' lang='lat' dir='ltr'><strong>videantur.</strong></span> <span class='ocrx_word' id='word_1_144' title='bbox 1110 1429 1322 1475; x_wconf 83' lang='lat' dir='ltr'><strong>Saepissime</strong></span> <span class='ocrx_word' id='word_1_145' title='bbox 1340 1430 1499 1466; x_wconf 85' lang='lat' dir='ltr'><strong>-circiter</strong></span> <span class='ocrx_word' id='word_1_146' title='bbox 1524 1440 1610 1474; x_wconf 87' lang='lat' dir='ltr'><strong>qua-</strong></span> 
     </span>
     <span class='ocr_line' id='line_1_21' title="bbox 245 1490 1613 1534; baseline 0 -9"><span class='ocrx_word' id='word_1_147' title='bbox 245 1490 403 1534; x_wconf 86' lang='lat' dir='ltr'><strong>dragies·</strong></span> <span class='ocrx_word' id='word_1_148' title='bbox 421 1490 513 1533; x_wconf 89' lang='lat' dir='ltr'><strong>quod</strong></span> <span class='ocrx_word' id='word_1_149' title='bbox 531 1490 686 1525; x_wconf 89' lang='lat' dir='ltr'><strong>Babrius</strong></span> <span class='ocrx_word' id='word_1_150' title='bbox 709 1490 747 1525; x_wconf 88' lang='lat' dir='ltr'><strong>in</strong></span> <span class='ocrx_word' id='word_1_151' title='bbox 773 1493 931 1525; x_wconf 85' lang='lat' dir='ltr'><strong>extremo</strong></span> <span class='ocrx_word' id='word_1_152' title='bbox 950 1500 1056 1526; x_wconf 90' lang='lat' dir='ltr'><strong>versu</strong></span> <span class='ocrx_word' id='word_1_153' title='bbox 1079 1490 1235 1534; x_wconf 84' lang='lat' dir='ltr'><strong>syllabas</strong></span> <span class='ocrx_word' id='word_1_154' title='bbox 1260 1490 1337 1525; x_wconf 85' lang='grc' dir='ltr'>σθαι</span> <span class='ocrx_word' id='word_1_155' title='bbox 1363 1494 1399 1526; x_wconf 91' lang='lat' dir='ltr'><strong>et</strong></span> <span class='ocrx_word' id='word_1_156' title='bbox 1423 1503 1475 1525; x_wconf 84' lang='grc' dir='ltr'><strong>ται</strong></span> <span class='ocrx_word' id='word_1_157' title='bbox 1500 1496 1537 1525; x_wconf 88' lang='lat' dir='ltr'><strong>et</strong></span> <span class='ocrx_word' id='word_1_158' title='bbox 1561 1504 1613 1525; x_wconf 85' lang='grc' dir='ltr'><strong>ναι</strong></span> 
     </span>
     <span class='ocr_line' id='line_1_22' title="bbox 243 1549 1609 1594; baseline 0.001 -10"><span class='ocrx_word' id='word_1_159' title='bbox 243 1550 395 1592; x_wconf 84' lang='lat' dir='ltr'><strong>admisit,</strong></span> <span class='ocrx_word' id='word_1_160' title='bbox 412 1560 482 1585; x_wconf 90' lang='lat' dir='ltr'><strong>non</strong></span> <span class='ocrx_word' id='word_1_161' title='bbox 496 1550 624 1585; x_wconf 87' lang='lat' dir='ltr'><strong>mirum</strong></span> <span class='ocrx_word' id='word_1_162' title='bbox 638 1553 703 1591; x_wconf 90' lang='lat' dir='ltr'><strong>est,</strong></span> <span class='ocrx_word' id='word_1_163' title='bbox 722 1550 937 1592; x_wconf 81' lang='lat' dir='ltr'><strong>praesertim</strong></span> <span class='ocrx_word' id='word_1_164' title='bbox 956 1560 1033 1585; x_wconf 91' lang='lat' dir='ltr'><strong>cum</strong></span> <span class='ocrx_word' id='word_1_165' title='bbox 1050 1549 1303 1593; x_wconf 88' lang='lat' dir='ltr'><strong>antiquissimis</strong></span> <span class='ocrx_word' id='word_1_166' title='bbox 1316 1550 1533 1594; x_wconf 88' lang='lat' dir='ltr'><strong>temporibus</strong></span> <span class='ocrx_word' id='word_1_167' title='bbox 1546 1559 1609 1585; x_wconf 90' lang='lat' dir='ltr'><strong>eae</strong></span> 
     </span>
     <span class='ocr_line' id='line_1_23' title="bbox 242 1610 1611 1655; baseline -0.001 -10"><span class='ocrx_word' id='word_1_168' title='bbox 242 1610 400 1655; x_wconf 85' lang='lat' dir='ltr'><strong>syllabae</strong></span> <span class='ocrx_word' id='word_1_169' title='bbox 425 1610 555 1653; x_wconf 88' lang='lat' dir='ltr'><strong>longae</strong></span> <span class='ocrx_word' id='word_1_170' title='bbox 582 1610 691 1645; x_wconf 84' lang='lat' dir='ltr'><strong>fuisse</strong></span> <span class='ocrx_word' id='word_1_171' title='bbox 709 1610 897 1645; x_wconf 88' lang='lat' dir='ltr'><strong>videantur</strong></span> <span class='ocrx_word' id='word_1_172' title='bbox 923 1613 959 1645; x_wconf 87' lang='lat' dir='ltr'><strong>et</strong></span> <span class='ocrx_word' id='word_1_173' title='bbox 984 1613 1167 1645; x_wconf 86' lang='lat' dir='ltr'><strong>accentum</strong></span> <span class='ocrx_word' id='word_1_174' title='bbox 1192 1610 1336 1653; x_wconf 89' lang='lat' dir='ltr'><strong>ponenti</strong></span> <span class='ocrx_word' id='word_1_175' title='bbox 1370 1610 1611 1645; x_wconf 88' lang='lat' dir='ltr'><strong>tantummodo</strong></span> 
     </span>
     <span class='ocr_line' id='line_1_24' title="bbox 243 1668 1610 1714; baseline -0.001 -9"><span class='ocrx_word' id='word_1_176' title='bbox 243 1670 482 1714; x_wconf 83' lang='lat' dir='ltr'><strong>corripiantur</strong></span> <span class='ocrx_word' id='word_1_177' title='bbox 520 1673 558 1704; x_wconf 92' lang='lat' dir='ltr'><strong>et</strong></span> <span class='ocrx_word' id='word_1_178' title='bbox 596 1680 639 1704; x_wconf 90' lang='lat' dir='ltr'><strong>ne</strong></span> <span class='ocrx_word' id='word_1_179' title='bbox 665 1670 733 1705; x_wconf 92' lang='lat' dir='ltr'><strong>hoc</strong></span> <span class='ocrx_word' id='word_1_180' title='bbox 760 1669 901 1713; x_wconf 89' lang='lat' dir='ltr'><strong>quidem</strong></span> <span class='ocrx_word' id='word_1_181' title='bbox 935 1670 971 1704; x_wconf 90' lang='lat' dir='ltr'><strong>in</strong></span> <span class='ocrx_word' id='word_1_182' title='bbox 998 1669 1160 1704; x_wconf 89' lang='lat' dir='ltr'><strong>omnibus</strong></span> <span class='ocrx_word' id='word_1_183' title='bbox 1192 1668 1363 1705; x_wconf 85' lang='lat' dir='ltr'><strong>dialectis.</strong></span> <span class='ocrx_word' id='word_1_184' title='bbox 1414 1668 1610 1705; x_wconf 88' lang='lat' dir='ltr'><strong>Praeterea</strong></span> 
     </span>
     <span class='ocr_line' id='line_1_25' title="bbox 244 1727 1607 1774; baseline 0.001 -10"><span class='ocrx_word' id='word_1_185' title='bbox 244 1727 394 1764; x_wconf 87' lang='lat' dir='ltr'><strong>Babrius</strong></span> <span class='ocrx_word' id='word_1_186' title='bbox 421 1729 563 1765; x_wconf 86' lang='lat' dir='ltr'><strong>circiter</strong></span> <span class='ocrx_word' id='word_1_187' title='bbox 588 1730 695 1764; x_wconf 88' lang='lat' dir='ltr'><strong>vicies</strong></span> <span class='ocrx_word' id='word_1_188' title='bbox 721 1729 847 1765; x_wconf 86' lang='lat' dir='ltr'><strong>breves</strong></span> <span class='ocrx_word' id='word_1_189' title='bbox 864 1730 901 1764; x_wconf 91' lang='lat' dir='ltr'><strong>in</strong></span> <span class='ocrx_word' id='word_1_190' title='bbox 918 1729 1042 1765; x_wconf 89' lang='lat' dir='ltr'><strong>ultima</strong></span> <span class='ocrx_word' id='word_1_191' title='bbox 1069 1739 1235 1765; x_wconf 88' lang='lat' dir='ltr'><strong>versuum</strong></span> <span class='ocrx_word' id='word_1_192' title='bbox 1258 1729 1341 1764; x_wconf 89' lang='lat' dir='ltr'><strong>sede</strong></span> <span class='ocrx_word' id='word_1_193' title='bbox 1367 1729 1523 1774; x_wconf 87' lang='lat' dir='ltr'><strong>syllabas</strong></span> <span class='ocrx_word' id='word_1_194' title='bbox 1540 1729 1607 1765; x_wconf 89' lang='lat' dir='ltr'><strong>sibi</strong></span> 
     </span>
     <span class='ocr_line' id='line_1_26' title="bbox 242 1788 1611 1836; baseline 0.001 -11"><span class='ocrx_word' id='word_1_195' title='bbox 242 1790 427 1831; x_wconf 86' lang='lat' dir='ltr'><strong>concessit,</strong></span> <span class='ocrx_word' id='word_1_196' title='bbox 455 1790 580 1833; x_wconf 87' lang='lat' dir='ltr'><strong>quibus</strong></span> <span class='ocrx_word' id='word_1_197' title='bbox 598 1793 832 1825; x_wconf 87' lang='lat' dir='ltr'><strong>consonantes</strong></span> <span class='ocrx_word' id='word_1_198' title='bbox 856 1803 871 1828; x_wconf 82' lang='grc' dir='ltr'>ς</span> <span class='ocrx_word' id='word_1_199' title='bbox 891 1793 954 1825; x_wconf 89' lang='lat' dir='ltr'><strong>aut</strong></span> <span class='ocrx_word' id='word_1_200' title='bbox 971 1804 987 1823; x_wconf 89' lang='grc' dir='ltr'>ν</span> <span class='ocrx_word' id='word_1_201' title='bbox 1006 1789 1110 1825; x_wconf 85' lang='lat' dir='ltr'><strong>finem</strong></span> <span class='ocrx_word' id='word_1_202' title='bbox 1136 1789 1281 1834; x_wconf 88' lang='lat' dir='ltr'><strong>faciant,</strong></span> <span class='ocrx_word' id='word_1_203' title='bbox 1309 1799 1421 1833; x_wconf 87' lang='lat' dir='ltr'><strong>neque</strong></span> <span class='ocrx_word' id='word_1_204' title='bbox 1446 1788 1611 1836; x_wconf 79' lang='grc' dir='ltr'>ἐγκλιτικά</span> 
     </span>
     <span class='ocr_line' id='line_1_27' title="bbox 242 1847 1610 1897; baseline -0.001 -11"><span class='ocrx_word' id='word_1_205' title='bbox 242 1851 308 1886; x_wconf 79' lang='lat' dir='ltr'><strong>hoc</strong></span> <span class='ocrx_word' id='word_1_206' title='bbox 326 1850 404 1886; x_wconf 85' lang='lat' dir='ltr'><strong>loco</strong></span> <span class='ocrx_word' id='word_1_207' title='bbox 422 1850 634 1895; x_wconf 78' lang='lat' dir='ltr'><strong>repudiavit,</strong></span> <span class='ocrx_word' id='word_1_208' title='bbox 653 1853 693 1885; x_wconf 74' lang='lat' dir='ltr'><strong>ut</strong></span> <span class='ocrx_word' id='word_1_209' title='bbox 709 1849 761 1885; x_wconf 86' lang='grc' dir='ltr'><strong>τοί</strong></span> <span class='ocrx_word' id='word_1_210' title='bbox 768 1864 850 1894; x_wconf 84' lang='grc' dir='ltr'>-νυν,</span> <span class='ocrx_word' id='word_1_211' title='bbox 870 1850 967 1897; x_wconf 83' lang='grc' dir='ltr'>ἦ-τις,</span> <span class='ocrx_word' id='word_1_212' title='bbox 988 1849 1122 1897; x_wconf 77' lang='grc' dir='ltr'>ὦς-περ,</span> <span class='ocrx_word' id='word_1_213' title='bbox 1139 1847 1308 1897; x_wconf 80' lang='grc' dir='ltr'>πρός-θεν.</span> <span class='ocrx_word' id='word_1_214' title='bbox 1345 1849 1414 1886; x_wconf 85' lang='lat' dir='ltr'><strong>Sed</strong></span> <span class='ocrx_word' id='word_1_215' title='bbox 1430 1851 1610 1886; x_wconf 84' lang='lat' dir='ltr'><strong>rarissime</strong></span> 
     </span>
     <span class='ocr_line' id='line_1_28' title="bbox 239 1911 1606 1956; baseline 0 -10"><span class='ocrx_word' id='word_1_216' title='bbox 239 1911 374 1956; x_wconf 88' lang='lat' dir='ltr'><strong>legitur</strong></span> <span class='ocrx_word' id='word_1_217' title='bbox 398 1911 436 1946; x_wconf 90' lang='lat' dir='ltr'><strong>in</strong></span> <span class='ocrx_word' id='word_1_218' title='bbox 463 1914 620 1946; x_wconf 89' lang='lat' dir='ltr'><strong>extremo</strong></span> <span class='ocrx_word' id='word_1_219' title='bbox 647 1921 753 1946; x_wconf 88' lang='lat' dir='ltr'><strong>versu</strong></span> <span class='ocrx_word' id='word_1_220' title='bbox 779 1911 934 1956; x_wconf 88' lang='lat' dir='ltr'><strong>syllaba,</strong></span> <span class='ocrx_word' id='word_1_221' title='bbox 962 1922 1050 1954; x_wconf 89' lang='lat' dir='ltr'><strong>quae</strong></span> <span class='ocrx_word' id='word_1_222' title='bbox 1077 1914 1179 1946; x_wconf 83' lang='lat' dir='ltr'><strong>exeat</strong></span> <span class='ocrx_word' id='word_1_223' title='bbox 1204 1911 1242 1946; x_wconf 92' lang='lat' dir='ltr'><strong>in</strong></span> <span class='ocrx_word' id='word_1_224' title='bbox 1268 1911 1410 1947; x_wconf 91' lang='lat' dir='ltr'><strong>brevem</strong></span> <span class='ocrx_word' id='word_1_225' title='bbox 1435 1911 1606 1953; x_wconf 89' lang='lat' dir='ltr'><strong>vocalem,</strong></span> 
     </span>
     <span class='ocr_line' id='line_1_29' title="bbox 242 1970 1610 2016; baseline -0.001 -9"><span class='ocrx_word' id='word_1_226' title='bbox 242 1973 302 2016; x_wconf 91' lang='lat' dir='ltr'><strong>qui</strong></span> <span class='ocrx_word' id='word_1_227' title='bbox 327 1972 397 2007; x_wconf 92' lang='lat' dir='ltr'><strong>loci</strong></span> <span class='ocrx_word' id='word_1_228' title='bbox 423 1972 500 2006; x_wconf 88' lang='lat' dir='ltr'><strong>fere</strong></span> <span class='ocrx_word' id='word_1_229' title='bbox 526 1982 647 2006; x_wconf 91' lang='lat' dir='ltr'><strong>omnes</strong></span> <span class='ocrx_word' id='word_1_230' title='bbox 674 1972 781 2006; x_wconf 89' lang='lat' dir='ltr'><strong>etiam</strong></span> <span class='ocrx_word' id='word_1_231' title='bbox 810 1972 853 2006; x_wconf 94' lang='lat' dir='ltr'><strong>ob</strong></span> <span class='ocrx_word' id='word_1_232' title='bbox 872 1972 963 2006; x_wconf 89' lang='lat' dir='ltr'><strong>alias</strong></span> <span class='ocrx_word' id='word_1_233' title='bbox 991 1981 1115 2006; x_wconf 85' lang='lat' dir='ltr'><strong>causas</strong></span> <span class='ocrx_word' id='word_1_234' title='bbox 1140 1971 1292 2015; x_wconf 86' lang='lat' dir='ltr'><strong>suspecti</strong></span> <span class='ocrx_word' id='word_1_235' title='bbox 1311 1970 1440 2015; x_wconf 85' lang='lat' dir='ltr'><strong>sunt2).</strong></span> <span class='ocrx_word' id='word_1_236' title='bbox 1483 1970 1610 2006; x_wconf 87' lang='lat' dir='ltr'><strong>Liceat</strong></span> 
     </span>
     <span class='ocr_line' id='line_1_30' title="bbox 239 2031 1608 2076; baseline 0 -10"><span class='ocrx_word' id='word_1_237' title='bbox 239 2032 338 2067; x_wconf 91' lang='lat' dir='ltr'><strong>nobis</strong></span> <span class='ocrx_word' id='word_1_238' title='bbox 376 2032 467 2066; x_wconf 91' lang='lat' dir='ltr'><strong>hanc</strong></span> <span class='ocrx_word' id='word_1_239' title='bbox 506 2032 623 2074; x_wconf 87' lang='lat' dir='ltr'><strong>legem</strong></span> <span class='ocrx_word' id='word_1_240' title='bbox 666 2032 760 2076; x_wconf 90' lang='lat' dir='ltr'><strong>apud</strong></span> <span class='ocrx_word' id='word_1_241' title='bbox 798 2032 953 2076; x_wconf 84' lang='lat' dir='ltr'><strong>reliquos</strong></span> <span class='ocrx_word' id='word_1_242' title='bbox 996 2031 1214 2066; x_wconf 84' lang='lat' dir='ltr'><strong>Graecorum</strong></span> <span class='ocrx_word' id='word_1_243' title='bbox 1257 2031 1608 2075; x_wconf 83' lang='lat' dir='ltr'><strong>choliambographos</strong></span> 
     </span>
     <span class='ocr_line' id='line_1_31' title="bbox 238 2090 1608 2138; baseline -0.001 -11"><span class='ocrx_word' id='word_1_244' title='bbox 238 2092 413 2138; x_wconf 85' lang='lat' dir='ltr'><strong>persequi,</strong></span> <span class='ocrx_word' id='word_1_245' title='bbox 441 2092 654 2135; x_wconf 90' lang='lat' dir='ltr'><strong>praesertim</strong></span> <span class='ocrx_word' id='word_1_246' title='bbox 687 2102 766 2127; x_wconf 92' lang='lat' dir='ltr'><strong>cum</strong></span> <span class='ocrx_word' id='word_1_247' title='bbox 793 2103 853 2128; x_wconf 88' lang='lat' dir='ltr'><strong>eos</strong></span> <span class='ocrx_word' id='word_1_248' title='bbox 880 2092 1115 2133; x_wconf 80' lang='lat' dir='ltr'><strong>choliambos,</strong></span> <span class='ocrx_word' id='word_1_249' title='bbox 1154 2091 1214 2135; x_wconf 87' lang='lat' dir='ltr'><strong>qui</strong></span> <span class='ocrx_word' id='word_1_250' title='bbox 1247 2091 1368 2126; x_wconf 88' lang='lat' dir='ltr'><strong>insunt</strong></span> <span class='ocrx_word' id='word_1_251' title='bbox 1393 2090 1523 2134; x_wconf 92' lang='lat' dir='ltr'><strong>titulis,</strong></span> <span class='ocrx_word' id='word_1_252' title='bbox 1563 2091 1608 2126; x_wconf 90' lang='lat' dir='ltr'><strong>ad</strong></span> 
     </span>
     <span class='ocr_line' id='line_1_32' title="bbox 238 2151 1605 2196; baseline -0.002 -7"><span class='ocrx_word' id='word_1_253' title='bbox 238 2154 331 2189; x_wconf 87' lang='lat' dir='ltr'><strong>hanc</strong></span> <span class='ocrx_word' id='word_1_254' title='bbox 356 2152 597 2196; x_wconf 85' lang='lat' dir='ltr'><strong>quaestionem</strong></span> <span class='ocrx_word' id='word_1_255' title='bbox 626 2153 874 2189; x_wconf 87' lang='lat' dir='ltr'><strong>illustrandam</strong></span> <span class='ocrx_word' id='word_1_256' title='bbox 906 2154 1045 2188; x_wconf 90' lang='lat' dir='ltr'><strong>omnino</strong></span> <span class='ocrx_word' id='word_1_257' title='bbox 1076 2162 1145 2187; x_wconf 89' lang='lat' dir='ltr'><strong>non</strong></span> <span class='ocrx_word' id='word_1_258' title='bbox 1170 2151 1346 2186; x_wconf 87' lang='lat' dir='ltr'><strong>adhibitos</strong></span> <span class='ocrx_word' id='word_1_259' title='bbox 1364 2161 1441 2186; x_wconf 87' lang='lat' dir='ltr'><strong>esse</strong></span> <span class='ocrx_word' id='word_1_260' title='bbox 1458 2151 1605 2187; x_wconf 89' lang='lat' dir='ltr'><strong>videam.</strong></span> 
     </span>
     <span class='ocr_line' id='line_1_33' title="bbox 237 2211 1607 2258; baseline -0.002 -9"><span class='ocrx_word' id='word_1_261' title='bbox 237 2215 392 2258; x_wconf 87' lang='lat' dir='ltr'><strong>Neglexi</strong></span> <span class='ocrx_word' id='word_1_262' title='bbox 418 2219 536 2250; x_wconf 89' lang='lat' dir='ltr'><strong>autem</strong></span> <span class='ocrx_word' id='word_1_263' title='bbox 562 2216 599 2251; x_wconf 90' lang='lat' dir='ltr'><strong>in</strong></span> <span class='ocrx_word' id='word_1_264' title='bbox 625 2225 667 2250; x_wconf 85' lang='lat' dir='ltr'><strong>ea</strong></span> <span class='ocrx_word' id='word_1_265' title='bbox 684 2224 724 2249; x_wconf 89' lang='lat' dir='ltr'><strong>re</strong></span> <span class='ocrx_word' id='word_1_266' title='bbox 751 2224 811 2250; x_wconf 89' lang='lat' dir='ltr'><strong>eos</strong></span> <span class='ocrx_word' id='word_1_267' title='bbox 837 2217 972 2258; x_wconf 87' lang='lat' dir='ltr'><strong>poetas,</strong></span> <span class='ocrx_word' id='word_1_268' title='bbox 999 2223 1146 2257; x_wconf 89' lang='lat' dir='ltr'><strong>quorum</strong></span> <span class='ocrx_word' id='word_1_269' title='bbox 1172 2211 1373 2255; x_wconf 79' lang='lat' dir='ltr'><strong>fragmenta</strong></span> <span class='ocrx_word' id='word_1_270' title='bbox 1398 2215 1472 2247; x_wconf 92' lang='lat' dir='ltr'><strong>tam</strong></span> <span class='ocrx_word' id='word_1_271' title='bbox 1497 2222 1607 2255; x_wconf 87' lang='lat' dir='ltr'><strong>parva</strong></span> 
     </span>
     <span class='ocr_line' id='line_1_34' title="bbox 237 2274 983 2319; baseline -0.001 -10"><span class='ocrx_word' id='word_1_272' title='bbox 237 2279 330 2315; x_wconf 86' lang='lat' dir='ltr'><strong>sunt,</strong></span> <span class='ocrx_word' id='word_1_273' title='bbox 357 2280 398 2309; x_wconf 91' lang='lat' dir='ltr'><strong>ut</strong></span> <span class='ocrx_word' id='word_1_274' title='bbox 423 2286 467 2310; x_wconf 89' lang='lat' dir='ltr'><strong>ex</strong></span> <span class='ocrx_word' id='word_1_275' title='bbox 493 2276 537 2310; x_wconf 91' lang='lat' dir='ltr'><strong>iis</strong></span> <span class='ocrx_word' id='word_1_276' title='bbox 563 2276 651 2310; x_wconf 90' lang='lat' dir='ltr'><strong>nihil</strong></span> <span class='ocrx_word' id='word_1_277' title='bbox 677 2275 830 2319; x_wconf 88' lang='lat' dir='ltr'><strong>perspici</strong></span> <span class='ocrx_word' id='word_1_278' title='bbox 857 2274 983 2318; x_wconf 89' lang='lat' dir='ltr'><strong>possit.</strong></span> 
     </span>
    </p>
   </div>
   <div class='ocr_carea' id='block_1_3' title="bbox 239 2347 499 2353">
    <p class='ocr_par' dir='ltr' id='par_1_10' title="bbox 239 2347 499 2353">
     <span class='ocr_line' id='line_1_35' title="bbox 239 2347 499 2353; baseline 0 0"><span class='ocrx_word' id='word_1_279' title='bbox 239 2347 499 2353; x_wconf 95' lang='lat' dir='ltr'><strong> </strong></span> 
     </span>
    </p>
   </div>
   <div class='ocr_carea' id='block_1_4' title="bbox 327 2382 1605 2479">
    <p class='ocr_par' dir='ltr' id='par_1_11' title="bbox 327 2382 1605 2479">
     <span class='ocr_line' id='line_1_36' title="bbox 327 2382 1055 2425; baseline -0.003 -9"><span class='ocrx_word' id='word_1_280' title='bbox 327 2384 349 2424; x_wconf 86' lang='lat'><strong>¹)</strong></span> <span class='ocrx_word' id='word_1_281' title='bbox 374 2383 416 2416; x_wconf 85' lang='lat' dir='ltr'><strong>de</strong></span> <span class='ocrx_word' id='word_1_282' title='bbox 440 2383 528 2416; x_wconf 85' lang='lat' dir='ltr'><strong>crasi</strong></span> <span class='ocrx_word' id='word_1_283' title='bbox 552 2385 587 2416; x_wconf 91' lang='lat' dir='ltr'><strong>et</strong></span> <span class='ocrx_word' id='word_1_284' title='bbox 610 2384 801 2425; x_wconf 81' lang='lat' dir='ltr'><strong>aphaeresi,</strong></span> <span class='ocrx_word' id='word_1_285' title='bbox 832 2383 924 2416; x_wconf 85' lang='lat'>1845.</span> <span class='ocrx_word' id='word_1_286' title='bbox 948 2392 980 2423; x_wconf 90' lang='lat' dir='ltr'><strong>p.</strong></span> <span class='ocrx_word' id='word_1_287' title='bbox 1004 2382 1055 2414; x_wconf 85' lang='lat'><strong>31.</strong></span> 
     </span>
     <span class='ocr_line' id='line_1_37' title="bbox 327 2432 1605 2479; baseline -0.002 -8"><span class='ocrx_word' id='word_1_288' title='bbox 327 2438 351 2479; x_wconf 83' lang='lat'><strong>²)</strong></span> <span class='ocrx_word' id='word_1_289' title='bbox 376 2437 417 2471; x_wconf 84' lang='lat' dir='ltr'><strong>cf.</strong></span> <span class='ocrx_word' id='word_1_290' title='bbox 438 2439 507 2472; x_wconf 79' lang='grc'>106,</span> <span class='ocrx_word' id='word_1_291' title='bbox 521 2440 553 2471; x_wconf 92' lang='lat'><strong>4.</strong></span> <span class='ocrx_word' id='word_1_292' title='bbox 575 2439 672 2479; x_wconf 78' lang='lat' dir='ltr'><strong>lO7a,</strong></span> <span class='ocrx_word' id='word_1_293' title='bbox 685 2440 716 2472; x_wconf 90' lang='lat'><strong>3.</strong></span> <span class='ocrx_word' id='word_1_294' title='bbox 742 2438 814 2478; x_wconf 87' lang='lat'><strong>115,</strong></span> <span class='ocrx_word' id='word_1_295' title='bbox 826 2439 857 2470; x_wconf 89' lang='lat'><strong>4.</strong></span> <span class='ocrx_word' id='word_1_296' title='bbox 885 2437 998 2475; x_wconf 82' lang='lat'><strong>116‚3.</strong></span> <span class='ocrx_word' id='word_1_297' title='bbox 1027 2437 1098 2477; x_wconf 86' lang='lat'><strong>116,</strong></span> <span class='ocrx_word' id='word_1_298' title='bbox 1110 2436 1140 2467; x_wconf 81' lang='lat'><strong>2.</strong></span> <span class='ocrx_word' id='word_1_299' title='bbox 1159 2434 1241 2467; x_wconf 90' lang='lat' dir='ltr'><strong>etin</strong></span> <span class='ocrx_word' id='word_1_300' title='bbox 1254 2432 1452 2475; x_wconf 81' lang='lat' dir='ltr'><strong>fragmentis</strong></span> <span class='ocrx_word' id='word_1_301' title='bbox 1469 2437 1539 2478; x_wconf 89' lang='lat'><strong>131,</strong></span> <span class='ocrx_word' id='word_1_302' title='bbox 1556 2439 1605 2470; x_wconf 91' lang='lat'><strong>14.</strong></span> 
     </span>
    </p>
   </div>
   <div class='ocr_carea' id='block_1_5' title="bbox 241 2488 1456 2535">
    <p class='ocr_par' dir='ltr' id='par_1_12' title="bbox 241 2488 1456 2535">
     <span class='ocr_line' id='line_1_38' title="bbox 241 2488 1456 2535; baseline -0.002 -9"><span class='ocrx_word' id='word_1_303' title='bbox 241 2493 312 2535; x_wconf 77' lang='lat'><strong>142,</strong></span> <span class='ocrx_word' id='word_1_304' title='bbox 332 2496 360 2527; x_wconf 87' lang='lat'><strong>1.</strong></span> <span class='ocrx_word' id='word_1_305' title='bbox 386 2494 457 2533; x_wconf 89' lang='grc'>131,</span> <span class='ocrx_word' id='word_1_306' title='bbox 475 2495 505 2526; x_wconf 84' lang='grc'><strong>7.</strong></span> <span class='ocrx_word' id='word_1_307' title='bbox 535 2494 604 2535; x_wconf 85' lang='grc'>143,</span> <span class='ocrx_word' id='word_1_308' title='bbox 622 2494 651 2526; x_wconf 80' lang='grc'><strong>2.</strong></span> <span class='ocrx_word' id='word_1_309' title='bbox 678 2495 711 2526; x_wconf 89' lang='lat' dir='ltr'><strong>et</strong></span> <span class='ocrx_word' id='word_1_310' title='bbox 733 2493 768 2525; x_wconf 86' lang='lat' dir='ltr'><strong>in</strong></span> <span class='ocrx_word' id='word_1_311' title='bbox 792 2492 989 2535; x_wconf 87' lang='lat' dir='ltr'><strong>epimythiis</strong></span> <span class='ocrx_word' id='word_1_312' title='bbox 1014 2493 1066 2534; x_wconf 85' lang='lat'><strong>71,</strong></span> <span class='ocrx_word' id='word_1_313' title='bbox 1087 2491 1137 2523; x_wconf 77' lang='lat'><strong>12.</strong></span> <span class='ocrx_word' id='word_1_314' title='bbox 1165 2490 1261 2531; x_wconf 85' lang='lat' dir='ltr'><strong>107a,</strong></span> <span class='ocrx_word' id='word_1_315' title='bbox 1283 2489 1330 2521; x_wconf 87' lang='grc'><strong>19.</strong></span> <span class='ocrx_word' id='word_1_316' title='bbox 1358 2488 1408 2530; x_wconf 87' lang='grc'><strong>65,</strong></span> <span class='ocrx_word' id='word_1_317' title='bbox 1425 2492 1456 2524; x_wconf 87' lang='grc'><strong>8.</strong></span> 
     </span>
    </p>
   </div>
  </div>
 </body>
</html>
