1868 2981
785 215 1025 250 ...11-

847 317 952 355 vm.

316 387 409 423 Tum
434 399 456 424 a
480 388 612 433 multis,
640 389 734 433 quod
750 388 875 425 Babrii
900 399 1025 425 nomen
1049 390 1229 426 invenitur
1245 390 1282 426 in
1299 389 1413 426 titulis
1430 386 1581 431 Latinis,

218 447 391 484 Babrium
416 448 525 492 fuisse
550 448 749 486 Romanum
775 449 956 485 conicitur.
1001 449 1073 486 Sed
1098 460 1141 486 ex
1172 460 1214 486 ea
1243 460 1283 486 re
1314 460 1384 486 non
1410 450 1581 495 sequitur,

218 511 258 544 ut
281 508 452 544 Babrium
477 508 585 545 fuisse
609 510 836 545 vernaculum
854 510 1093 546 Romanorum
1110 521 1237 547 nomen
1254 511 1385 555 gentile
1407 514 1579 555 putemus,

219 568 302 613 quia
326 567 406 605 fieri
430 572 585 614 poterat,
611 572 653 605 ut
677 580 700 605 a
717 570 863 606 Graecis
888 570 1142 607 transferretur
1159 571 1204 607 ad
1220 570 1345 614 Italos,
1370 571 1581 617 praesertim

221 637 299 663 cum
314 628 442 665 Babrii
458 639 585 665 nomen
609 630 817 674 plerumque
842 629 949 666 fuisse
974 631 1149 667 libertinis
1175 635 1323 676 constet,
1351 631 1413 667 sed
1438 631 1580 666 omnino

218 696 288 723 non
312 688 492 733 usitatum,
519 689 684 733 quoniam
710 690 817 725 aliter
841 690 1012 735 explicari
1042 701 1113 727 non
1150 694 1285 735 potest,
1323 691 1496 735 quomodo
1536 690 1579 726 de

219 747 359 784 nomine
384 752 511 794 poetae
535 752 617 785 orta
642 750 689 785 sit
714 750 964 786 controversia.
1006 750 1176 786 Babrium
1193 751 1287 787 enim
1305 750 1392 787 dicit
1408 751 1577 794 Afianns,

218 806 390 845 Babriam
427 810 587 851 Tzetzes,
626 814 812 855 utramque
848 810 996 847 formam
1035 812 1180 848 exhibet
1209 811 1348 857 Suidas,
1387 811 1579 847 Chabriam

217 866 438 913 ApostoHus,
456 868 598 918 Γαβρίου
609 868 777 918 Ἕλληνος
792 869 989 920 τετροίότιχα
1006 872 1114 908 codex
1125 871 1355 909 Harleianus.
1396 871 1578 916 Bergkius

218 932 335 964 autem
370 930 520 966 nominis
551 931 724 975 originem
754 931 907 967 indidem
939 932 1053 977 ducit,
1093 932 1186 968 unde
1224 930 1411 979 βαβράζειν,
1448 932 1485 967 id
1524 935 1579 967 est

216 988 408 1025 vociferari
417 990 454 1036 1).

314 1048 461 1086 Orusius
491 1054 629 1094 autem,
661 1062 869 1096 quamquam
899 1052 1015 1088 labori
1039 1062 1109 1087 non
1134 1052 1303 1096 pepercit,
1335 1056 1376 1088 ut
1406 1051 1575 1087 Babrium

217 1107 326 1146 fuisse
351 1110 464 1156 stirpe
487 1110 652 1147 Romana
676 1112 949 1156 demonstraret,
981 1115 1100 1147 tamen
1129 1112 1196 1148 hac
1226 1113 1263 1147 in
1293 1122 1332 1148 re
1358 1112 1472 1148 oleum
1497 1121 1575 1157 per·

216 1168 347 1205 didisse
385 1170 472 1206 mihi
509 1172 661 1208 videtur.
712 1172 830 1208 Docet
868 1172 961 1208 enim
997 1176 1139 1217 poetam
1176 1172 1285 1208 fuisse
1315 1172 1514 1208 Romanum
1541 1177 1577 1207 et

216 1227 378 1265 floruisse
415 1231 522 1266 tertio
560 1235 642 1275 post
679 1231 761 1267 Chr.
796 1242 829 1268 n.
862 1232 1003 1268 saeculo
1035 1232 1190 1273 ineunte.
1246 1232 1368 1278 Quid‘:>
1423 1231 1576 1267 Babrius

215 1297 330 1324 nonne
356 1289 451 1326 elato
477 1291 592 1326 animo
619 1292 695 1336 ipse
720 1291 923 1327 confitetur:

927 1349 997 1387 ἀλλ’
1024 1350 1090 1397 ἐγὼ
1116 1350 1174 1399 νέῃ
1201 1349 1310 1399 μούσῃ

473 1409 591 1457 δίδωμι
615 1411 757 1459 φαλάρῳ
781 1411 915 1460 χρυσέῳ
940 1411 1128 1460 χαλινώσας

473 1470 529 1505 τὸν
556 1470 745 1519 μυθίαμβον
771 1471 882 1519 ὥσπερ
905 1471 1006 1507 ἵππον
1032 1470 1178 1518 ὁπλίτην.

471 1529 525 1566 ὑπ’
553 1530 636 1577 ἐμοῦ
663 1531 700 1567 δὲ
725 1531 861 1579 πρώτου
886 1534 946 1579 τῆς
970 1530 1075 1579 θύρης
1101 1530 1310 1579 ἀνοιχθείσης

473 1590 626 1637 εἰσῆλθον
652 1589 746 1627 ἄλλοι
770 1595 837 1627 etc.

212 1646 339 1692 Itaque
358 1648 484 1686 Orusio
511 1651 717 1686 sumendum
744 1655 799 1687 est
824 1651 1008 1693 Babrium,
1033 1651 1064 1686 si
1093 1650 1202 1686 fuerit
1228 1650 1365 1694 origine
1382 1649 1574 1689 Romanus.

213 1709 371 1744 consulto
403 1710 520 1745 celare
551 1710 767 1754 Phaedrum,
809 1711 869 1755 qui
906 1710 1028 1745 floruit
1063 1710 1282 1755 temporibus
1319 1710 1490 1754 Augusti,
1529 1720 1573 1744 ne

211 1767 334 1803 laudes
358 1779 380 1804 a
404 1769 538 1805 Babrio
564 1770 744 1814 quaesitae
769 1771 815 1806 ab
840 1771 903 1806 illo
929 1770 1096 1805 libertino
1129 1769 1389 1811 deminuantur,
1428 1779 1500 1813 qua
1530 1769 1572 1804 de

211 1837 252 1863 re
275 1837 320 1864 ne
349 1827 541 1875 Byzantini
570 1830 711 1874 quidem
741 1830 961 1867 litteratores
991 1830 1274 1873 hariolabantur,
1305 1833 1369 1865 aut
1393 1828 1571 1872 Babrium,

212 1888 325 1924 virum
342 1888 551 1933 Romanum,
579 1900 656 1925 cum
674 1891 847 1926 scriberet
863 1891 1001 1926 fabulas
1018 1890 1186 1932 Graecas,
1212 1891 1451 1925 Romanorum
1467 1899 1571 1934 prae-

211 1948 444 1985 clarissimum
474 1950 708 1986 fabulatorem
744 1951 811 1987 sibi
843 1950 1199 1996 praetermittendum
1231 1960 1305 1986 esse
1341 1949 1519 1994 putavisse
1529 1949 1569 1994 2),

209 2018 300 2052 quae
338 2019 396 2044 res
433 2010 527 2045 haud
564 2010 765 2046 verisimilis
801 2010 957 2053 videtur,
1001 2010 1094 2054 quod
1130 2019 1200 2045 non
1238 2009 1467 2044 dubitandum
1506 2013 1571 2049 est,

298 2106 323 2148 ¹)
359 2105 400 2140 cf.
437 2106 590 2140 Platonis
625 2106 776 2141 fabulam
809 2106 851 2141 de
887 2107 1013 2141 cicadis
1042 2107 1217 2140 narratam
1252 2104 1410 2147 (Phaedr.
1439 2115 1471 2147 p.
1496 2106 1569 2138 259.

208 2160 289 2195 Aes.
311 2160 379 2194 fab.
402 2162 477 2195 399.
501 2171 530 2195 e.
553 2161 691 2203 Halm).

297 2215 322 2258 ²)
346 2215 418 2250 Nec
432 2216 595 2251 Babrium
617 2226 638 2250 a
652 2215 808 2250 Phaedro
824 2225 888 2250 nec
903 2214 1097 2249 Phaedrum
1112 2225 1133 2248 a
1147 2214 1272 2248 Babrio
1289 2224 1365 2248 esse
1378 2214 1570 2256 inspectum

209 2268 409 2304 facillimum
421 2272 475 2304 est
486 2270 718 2313 comprobare,
734 2270 796 2303 sed
811 2271 995 2312 utrumque
1011 2279 1030 2302 e
1045 2268 1158 2310 simili,
1173 2278 1217 2301 ne
1232 2268 1354 2309 dicam,
1370 2278 1389 2301 e
1400 2268 1571 2301 communi

209 2324 302 2359 fonte
324 2325 490 2361 hausisse.
536 2324 632 2366 Quod
656 2324 785 2360 Seneca
816 2324 859 2358 ad
881 2323 1001 2368 Polyb.
1030 2323 1072 2357 de
1103 2322 1229 2358 consol.
1253 2323 1305 2356 27.
1333 2322 1467 2357 scribit:
1500 2332 1569 2355 non

210 2380 318 2414 audeo
340 2382 376 2414 te
397 2390 507 2424 usque
530 2374 570 2414 eo
594 2379 791 2423 perducere,
820 2383 859 2412 ut
880 2378 1025 2413 fabellas
1048 2387 1184 2421 quoque
1207 2379 1241 2411 et
1262 2377 1439 2420 Aesopeos
1462 2377 1569 2420 logOS‚

209 2434 451 2478 intemptatum
473 2435 635 2469 Romanis
658 2434 804 2477 ingeniis
829 2444 931 2477 opus,
966 2433 1068 2467 solita
1101 2432 1165 2467 tibi
1193 2433 1372 2466 venustate
1400 2433 1569 2473 conectas,

209 2499 279 2523 non
299 2490 424 2524 mirum
453 2492 524 2532 est,
558 2500 635 2524 cum
657 2489 835 2523 Phaedrus
860 2488 1008 2524 Senecae
1035 2498 1104 2522 non
1127 2487 1232 2521 fuisse
1254 2486 1411 2521 videatur
1432 2487 1569 2529 ingenio

207 2553 286 2579 vere
307 2544 471 2579 Romano.
