1868 2981
470 554 860 615 SENTENTIAE
902 560 1413 622 CONTROVERSAE.

308 792 344 838 1)
384 793 484 837 Quod
510 795 751 833 Buecheler-us
777 798 815 834 in
840 809 928 836 mus.
964 800 1079 837 Rhen.
1108 802 1177 839 vol.
1205 813 1261 840 an.
1294 805 1398 842 1886.
1425 807 1557 843 conicit
1586 809 1625 846 in

384 864 511 900 Babrii
545 867 616 902 fab.
651 868 746 912 86,8.
780 880 845 914 pro
878 873 990 916 μεῖνον
1022 873 1210 917 legendum
1250 885 1326 911 esse
1357 877 1440 922 ἔμει,
1480 881 1624 923 probari

383 946 453 972 non
477 940 607 982 potest.

300 1018 339 1062 2)
378 1018 563 1054 Branchus
594 1024 632 1055 et
661 1020 864 1057 Alexandri
895 1024 993 1067 regis
1024 1024 1134 1067 filius,
1168 1026 1228 1069 qui
1253 1028 1348 1071 apud
1373 1028 1545 1066 Babrium
1571 1033 1624 1068 in-

381 1089 584 1133 veniuntur,
611 1094 695 1127 sunt
721 1102 792 1128 una
818 1093 1008 1138 eademque
1033 1105 1197 1140 persona.

298 1171 336 1217 3)
375 1171 421 1207 In
447 1173 594 1209 artificis
619 1173 774 1210 Romani
799 1176 960 1221 lucerna,
994 1188 1084 1222 quae
1111 1182 1165 1215 est
1188 1180 1227 1216 in
1253 1182 1453 1226 antiquario
1478 1184 1619 1221 Beroli-

380 1244 479 1278 nensi
498 1254 573 1280 nro.
592 1244 820 1289 XX1‚5989.,
840 1257 1005 1293 expressa
1018 1253 1073 1285 est
1089 1250 1221 1287 fabella
1233 1251 1365 1288 litteris
1382 1264 1452 1290 non
1469 1260 1621 1299 servata,

378 1324 450 1357 qua
474 1325 562 1358 grus
586 1316 694 1352 iudex
719 1317 899 1354 inducitur
922 1320 1101 1365 elephanti
1128 1325 1164 1357 et
1189 1324 1310 1365 muris,
1338 1327 1456 1361 nescio
1481 1337 1551 1371 qua
1576 1328 1619 1364 de

377 1394 496 1428 causa,
523 1385 792 1425 decertantium.

291 1466 332 1511 4)
370 1465 568 1512 Apologos,
607 1470 734 1513 quibus
773 1472 920 1508 arbores
951 1473 1180 1518 fingebantur
1210 1476 1406 1521 loquentes,
1445 1479 1618 1517 Romanis

376 1541 459 1573 ante
478 1538 614 1576 Tiberii
639 1540 865 1587 imperatoris
884 1546 1046 1590 tempora
1063 1545 1284 1591 displicuisse
1301 1548 1526 1587 manifestum
1552 1556 1616 1590 est.

293 1619 331 1663 5)
368 1620 505 1657 Ennius
531 1623 700 1667 apologos
725 1625 846 1661 satiris
868 1626 1049 1671 inspersit,
1080 1638 1150 1664 non
1180 1639 1338 1667 seorsum
1368 1636 1408 1668 ut
1436 1634 1616 1677 peculiare

373 1691 548 1735 quoddam
575 1694 770 1730 carminum
794 1706 907 1739 genus
934 1699 1153 1744 conscripsit.

289 1769 327 1817 6)
364 1770 472 1807 Iones
513 1773 608 1810 solos
640 1774 752 1811 fuisse
784 1777 1018 1822 apologorum
1056 1783 1222 1818 auctores
1253 1793 1324 1819 non
1354 1788 1455 1821 recte
1486 1787 1614 1823 statuit

367 1842 403 1878 N
405 1842 595 1881 eubnerus.
