1868 2981
779 229 993 264 -6-

864 331 907 366 V.

300 402 474 446 Quoniam
514 412 559 439 ex
597 405 747 446 utroque
785 402 988 438 fabularum
1019 402 1200 447 prooemio
1230 402 1403 438 Babrium
1434 408 1574 447 semper

204 472 306 497 usum
332 472 409 498 esse
428 462 636 498 choliambis
660 462 896 507 pernoscitur,
923 462 1019 498 haud
1044 462 1189 498 dubium
1211 461 1298 498 mihi
1314 461 1464 504 videtur.
1490 461 1573 506 quin

204 533 247 557 ea
272 522 502 567 apologorum
519 521 730 566 fragmenta,
763 532 853 566 quae
874 526 1014 558 restant
1039 522 1175 565 iambis,
1205 522 1431 566 hexametris,
1462 522 1574 567 elegis

204 583 421 627 conscripta,
459 582 643 618 Babriana
677 592 753 617 esse
783 582 983 626 negandum
1013 583 1062 618 sit
1071 582 1111 628 ¹).
1162 582 1323 618 Primum
1348 582 1442 618 enim
1467 582 1574 618 fabu-

203 642 318 677 larum
335 641 459 677 Babrii
480 641 723 683 iambicarum‚
750 651 822 676 non
845 642 1053 677 claudarum
1078 642 1317 686 fragmentum
1343 641 1389 677 ab
1415 641 1575 677 omnibus

208 702 284 737 fere
310 702 505 737 editoribus
534 702 684 737 affertur
708 702 798 737 illud
823 700 970 737 Suidae:

751 762 807 796 νῦν
834 760 871 795 δὲ
896 760 1053 807 σωθείην,
1076 760 1132 796 ἵνα

466 817 491 868 ᾖ
517 833 574 866 μοι
600 819 741 866 δίδαγμα
766 821 865 856 τοῦτο
890 821 949 856 τοῦ
977 821 1091 856 λοιποῦ
1117 819 1253 868 χρόνου.

207 880 446 922 Gaisfordius,
477 883 517 915 ut
544 890 587 916 ex
613 880 657 915 iis
682 880 810 916 iambis
834 881 924 916 fiant
949 880 1149 923 choliambi,
1179 880 1289 916 verba
1312 880 1365 915 ita
1391 880 1576 925 disponere

208 950 275 976 non
302 940 493 976 dubitavit:

754 1002 810 1036 νῦν
837 1001 874 1036 δὲ
899 1000 1056 1048 σωθείην,

476 1060 603 1108 δίδαγμ’
627 1060 665 1097 ἵν’
693 1058 717 1110 ’ᾗ
743 1075 801 1108 μοι
823 1062 922 1097 τοῦτο
947 1063 1006 1097 τοῦ
1031 1061 1154 1110 χρόνου
1181 1063 1308 1098 λοιποῦ.

308 1120 379 1157 Sed
405 1122 608 1157 accuratius
632 1132 724 1158 nunc
747 1122 940 1165 videamus,
967 1122 1027 1167 qui
1045 1122 1179 1158 factum
1197 1122 1254 1167 sit,
1281 1125 1323 1158 ut
1339 1122 1427 1158 talia
1443 1122 1577 1158 tribue-

211 1185 335 1217 rentur
361 1181 507 1218 Babrio.
559 1181 688 1218 Suidas
714 1187 833 1219 autem
857 1183 945 1218 haec
970 1182 1073 1218 dicit:
1106 1182 1196 1230 παρὰ
1226 1182 1282 1218 τὸν
1314 1181 1422 1229 μῦθον
1454 1182 1580 1230 εἴρηται

215 1242 313 1276 τοῦτο
338 1244 399 1288 τῆς
424 1241 659 1289 μανθανούσης
684 1242 839 1290 χελώνης
857 1242 1015 1278 ἵπτασθαι
1036 1242 1126 1289 παρὰ
1141 1243 1200 1277 τοῖ’)
1218 1241 1316 1277 ἀετοῦ
1334 1241 1389 1278 καὶ
1404 1242 1578 1289 πεσούσης.

214 1300 337 1336 Babrii
368 1301 477 1346 igitur
506 1312 633 1338 nomen
665 1302 732 1338 hoc
765 1303 842 1338 loco
877 1305 1055 1347 sumptum
1086 1313 1163 1339 esse
1193 1302 1398 1339 coniectura
1429 1302 1579 1346 quadam

213 1361 344 1404 liquet,
385 1371 464 1396 cum
489 1361 616 1397 Suidas
648 1363 736 1397 nihil
769 1363 865 1398 dicat
889 1363 933 1398 de
959 1363 1034 1398 eius
1059 1363 1203 1407 apologi
1229 1366 1382 1397 auctore.
1433 1362 1581 1397 Rectius

213 1423 331 1455 tamen
356 1419 485 1457 Suidas
510 1421 600 1457 illud
625 1422 863 1466 fragmentum
889 1422 1047 1458 hausisse
1073 1421 1249 1468 putandus
1280 1425 1336 1458 est
1366 1432 1410 1457 ex
1442 1421 1581 1457 fabula-

213 1485 292 1515 tore
315 1481 477 1525 quodam,
505 1482 565 1526 qui
583 1482 756 1518 Babrium
781 1484 942 1518 imitatus
967 1483 1136 1527 apologos
1162 1482 1422 1526 conscripserat
1445 1481 1582 1517 iambis.

215 1539 365 1584 Talique
390 1542 530 1577 ratione
556 1542 783 1578 iudicandum
809 1546 864 1578 est
890 1542 934 1578 de
959 1542 1157 1578 fabularum
1180 1542 1394 1578 hexametris
1411 1542 1580 1586 composi-

214 1603 329 1635 tarum
360 1602 524 1645 reliquiis
556 1614 577 1638 a
602 1603 787 1643 Knochio‚
827 1603 1070 1645 Eberhardio,
1110 1603 1190 1638 aliis
1216 1602 1350 1638 Babrio
1381 1601 1581 1646 vindicatis,

217 1671 305 1703 quas
330 1671 407 1696 meo
434 1662 572 1705 quidem
599 1663 730 1698 iudicio
756 1663 906 1707 protulit
923 1662 1050 1698 Suidas
1077 1673 1120 1697 ex
1145 1672 1293 1706 corpore
1315 1662 1467 1705 quodam
1484 1661 1584 1696 fabu-

217 1720 348 1763 larum,
386 1721 480 1766 quod
518 1722 727 1767 inscriptum
767 1725 821 1758 est
859 1720 1008 1758 Μυθικοί.
1072 1721 1197 1767 Neque
1236 1722 1329 1757 enim
1366 1721 1586 1758 Lachmanni

220 1782 424 1817 coniectura
449 1782 633 1827 probanda
658 1783 814 1825 videtur,
850 1783 910 1826 qui
937 1793 996 1817 eas
1022 1783 1252 1826 apologorum
1278 1782 1462 1825 reliquias,
1496 1791 1585 1825 quae

216 1841 309 1885 apud
341 1841 486 1877 Suidam
523 1842 692 1886 leguntur
728 1842 944 1878 hexametris
981 1842 1175 1886 iambisque
1213 1842 1363 1887 scripta,
1402 1850 1585 1886 superesse

217 1905 320 1946 putet
338 1912 382 1937 ex
399 1902 471 1938 illis
488 1902 619 1937 fabulis
642 1903 791 1938 obscura
815 1903 974 1938 oratione
1001 1902 1215 1946 compositis,
1244 1911 1394 1945 quarum
1420 1904 1585 1937 auctores

215 1972 237 1997 a
263 1962 397 1998 Babrio
423 1962 671 2007 vituperentur
695 1963 750 1998 his
775 1962 910 1998 verbis:

477 2033 529 2070 ὑπ’
557 2034 640 2081 ἐμοῦ
667 2034 704 2070 δὲ
729 2033 864 2081 πρώτου
890 2036 949 2081 τῆς
974 2032 1079 2081 θύρης
1105 2032 1316 2081 ἀνοιχθείσης

478 2094 633 2142 εἰσῆλθον
660 2093 754 2130 ἄλλοι
779 2093 834 2130 καὶ
860 2093 1053 2141 σοφωτέρης
1077 2092 1205 2139 μούσης

478 2154 602 2202 γρίφοις
627 2153 744 2201 ὁμοίας
771 2153 947 2202 ἐκφέρουσι
972 2153 1116 2201 ποιήσεις

480 2215 646 2262 μαθόντες
671 2213 766 2250 οὐδὲν
793 2216 905 2250 πλεῖον
931 2213 953 2261 ἢ
978 2213 1195 2260 γεγωνίσκειν.

309 2322 334 2363 ²)
358 2320 564 2363 Nuperrime
587 2320 816 2362 fragmentum
845 2318 937 2352 haud
965 2317 1068 2351 dubie
1096 2327 1139 2350 ex
1160 2315 1303 2358 fabella,
1338 2324 1428 2359 quae
1451 2315 1525 2348 erat
1547 2313 1590 2347 de

218 2375 312 2408 ranis
335 2385 453 2416 regem
476 2375 684 2418 petentibus,
707 2374 908 2416 decerptum
931 2372 968 2405 in
991 2372 1104 2405 lucem
1118 2371 1256 2413 prodiit,
1273 2369 1365 2413 quod
1380 2368 1498 2402 Babrii
1513 2378 1590 2401 esse

220 2429 344 2463 conicit
375 2429 527 2464 Weilius.
572 2428 613 2463 cf.
642 2438 747 2462 revue
776 2427 837 2461 des
866 2426 987 2461 etudes
1015 2435 1198 2470 grecques,
1229 2426 1322 2459 1890.
1345 2434 1379 2468 p.
1402 2424 1478 2457 309.
1523 2421 1591 2457 Sed

222 2485 302 2528 quia
335 2486 512 2528 perierunt
544 2494 705 2519 versuum
740 2484 866 2526 exitus,
901 2483 944 2517 de
978 2481 1162 2525 fragmenti
1193 2481 1332 2515 auctore
1360 2477 1449 2512 nihil
1477 2478 1592 2521 potest

221 2539 409 2577 diiudicari.
