1868 2981
829 198 1068 232 ,19-

361 293 439 340 Nec
456 304 571 339 minus
587 306 860 347 anapaestorum
878 302 982 346 copia
998 302 1147 337 recessit
1164 311 1186 336 a
1203 301 1385 345 Romanis,
1413 312 1480 346 quo
1499 302 1632 338 factum

264 368 328 407 est,
354 366 395 398 ut
418 363 521 398 multi
546 361 673 397 Babrii
698 361 852 396 editores
877 361 977 404 leges
1002 361 1169 396 metricas
1194 360 1435 396 Romanorum
1460 361 1632 396 Babrium

264 424 331 460 sibi
355 422 565 466 imposuisse
596 420 763 456 arbitrati
790 423 1004 464 anapaestos
1029 424 1179 464 excepta
1209 421 1325 464 prima
1349 431 1518 456 versuum
1548 421 1632 456 sede

263 494 282 518 e
300 481 423 517 Babrii
448 480 605 524 apologis
622 480 800 523 expellere
819 479 1074 524 conarentur1).
1118 480 1171 515 Ut
1188 480 1359 524 exemplis
1375 483 1469 523 utar,
1496 480 1631 523 legitur

262 545 299 576 et
324 540 361 574 in
387 539 461 575 cod.
489 537 537 574 A.
565 541 603 573 et
629 538 722 582 apud
746 536 891 573 Suidam
917 538 1005 584 (fab.
1034 539 1091 580 10,
1121 537 1209 583 12.):
1236 536 1447 586 κεχόλωμαις
1475 539 1633 574 correxit

261 598 505 635 Eberhardius
543 596 703 641 κοταίνω,
741 597 943 633 Meinekius
967 599 1146 645 χολοῦμαι.
1197 598 1241 633 cf.
1270 599 1342 634 fab.
1369 599 1427 640 22,
1458 599 1514 636 12.
1541 598 1631 636 Ood.

259 659 307 695 A.
333 658 497 703 praebet:

569 716 697 763 ἔθηκαν
723 714 847 762 ἑκάστη
873 717 940 752 τῶν
965 718 1088 765 τριχῶν
1114 716 1319 753 ἀποσπῶσαι.

259 789 349 824 Mihi
363 788 514 832 quidem,
534 798 613 822 cum
630 788 743 822 altero
761 787 850 830 pede
864 787 1030 823 ferendos
1046 798 1123 823 esse
1140 792 1350 832 anapaestos
1367 799 1432 824 usu
1448 789 1628 824 Babriano

260 848 508 893 comprobetur
550 846 609 894 (cf.
649 846 721 883 fab.
763 847 820 888 57,
842 848 874 883 6.
908 847 966 890 69,
986 848 1019 884 2.
1047 847 1104 888 75,
1125 849 1156 883 6.
1185 848 1243 891 75,
1265 848 1319 884 15.
1350 849 1407 891 76,
1429 848 1484 883 12.
1513 849 1572 891 88,
1592 850 1625 885 8.

259 908 318 951 88,
339 908 394 943 17.
415 907 510 953 ete),
537 907 761 943 scribendum
778 907 928 951 videtur,
958 908 1041 951 quia
1058 907 1280 943 desideratur
1302 918 1428 944 nomen
1453 909 1539 951 eius,
1565 909 1625 952 qui

258 967 298 1002 fit
322 966 437 1002 nudus
463 966 618 1011 capillis:

388 1025 516 1072 ἔθηκαν
544 1025 684 1072 ἐραστήν
712 1029 777 1061 ete.

258 1086 302 1121 cf.
321 1086 488 1130 paraphr.
507 1085 627 1120 Halm.
643 1085 721 1122 56.:
739 1084 877 1132 γέροντα
894 1084 1034 1132 ἐραστὴν
1053 1086 1140 1133 ἔχειν
1158 1085 1215 1124 τὰς
1233 1085 1348 1125 πολιὰς
1366 1085 1466 1121 αὐτοῦ
1480 1084 1623 1130 ἀπέσπα,

256 1145 420 1181 Nauckio
446 1144 553 1190 (Mus.
580 1144 694 1180 Rhen.
723 1145 756 1185 6.
776 1144 893 1190 630.):

517 1209 625 1255 ἔθηκ’,
653 1209 702 1244 ἀν’
731 1209 875 1255 ἑκάστην
900 1212 967 1244 τῶν
993 1211 1116 1257 τριχῶν
1143 1209 1336 1244 ἀποσπῶσα.

350 1273 601 1318 Anapaestum
627 1274 722 1318 apud
738 1274 1004 1318 Hipponactem
1030 1284 1107 1309 esse
1132 1274 1327 1309 inauditum
1350 1273 1500 1310 Crusius
1525 1275 1623 1318 dicit,

256 1343 465 1377 quamquam
491 1333 642 1377 legimus
667 1334 732 1369 hos
757 1343 897 1369 versus:

514 1392 651 1440 Κριτίης
678 1393 695 1428 ὁ
722 1392 806 1432 Χῖος
832 1393 866 1428 ἐν
891 1394 941 1440 τῷ
967 1394 1169 1440 κατωπτικῷ
1195 1392 1316 1440 δούλῳ.

255 1457 291 1488 et
513 1453 531 1488 ὃ
558 1451 732 1500 Κιθαίρων
759 1452 925 1489 Λυδίοισιν
952 1453 987 1488 ἐν
1012 1455 1126 1501 χοροῖς
1152 1451 1300 1501 βάκχων.

253 1512 406 1548 Etiamsi
430 1513 563 1557 primas
579 1514 706 1548 horum
723 1524 888 1549 versuum
914 1514 1015 1549 sedes
1040 1524 1110 1549 non
1136 1524 1212 1549 esse
1239 1516 1357 1549 certae
1382 1514 1517 1549 formae
1542 1524 1623 1549 eon-

253 1572 445 1608 cedendum
472 1576 540 1617 est,
580 1575 699 1608 tamen
724 1573 791 1609 hoc
816 1573 893 1608 loco
925 1573 1183 1618 respiciendum
1214 1573 1357 1609 videtur
1382 1573 1429 1609 ad
1457 1573 1622 1609 Tzetzem

253 1632 341 1667 haec
367 1632 592 1679 dicentem2):
622 1630 777 1680 δέχονται
802 1632 883 1668 καὶ.
905 1661 913 1669 .
933 1661 941 1669 .
959 1633 1016 1667 τὸν
1034 1631 1250 1673 ἀνάπαιστον,
1278 1633 1325 1671 ὥς
1351 1633 1369 1668 ὁ
1396 1632 1561 1673 Ἱππῶναξ
1587 1637 1623 1669 et

253 1691 298 1726 ad
323 1692 557 1728 certissimum
582 1693 817 1736 fragmentum
843 1692 905 1738 (cf.
932 1703 966 1736 p.
997 1693 1086 1738 15.):

562 1750 698 1788 ἐκέλευε
730 1750 861 1799 βάλλειν
887 1752 943 1788 καὶ
968 1751 1073 1788 λεύειν
1095 1751 1318 1789 Ἱππώνακτα.

252 1811 447 1855 falsumque
465 1814 518 1847 est
534 1812 810 1856 Hephaestionis
827 1812 1084 1847 testimonium:
1111 1812 1149 1846 τὸ
1168 1812 1204 1846 δὲ
1221 1811 1335 1858 χωλὸν
1353 1811 1392 1847 οὔ
1411 1810 1545 1859 δέχεται
1560 1841 1567 1848 .
1583 1838 1591 1847 .
1612 1838 1620 1846 .

252 1868 328 1906 οὔτε
354 1869 517 1907 δάκτυλον
544 1870 620 1907 οὔτε
644 1870 822 1918 τρίβραχυν
848 1869 925 1906 οὔτε
951 1869 1161 1915 ἀνάπαιστον,
1189 1882 1267 1907 cum
1293 1872 1434 1916 saepius
1461 1871 1622 1917 dactylos

252 1934 289 1965 et
313 1931 512 1966 tribrachos
538 1932 608 1966 iam
633 1932 678 1966 ab
704 1931 931 1975 Hipponacte
959 1931 1119 1967 adhiberi
1144 1941 1245 1966 nemo
1271 1934 1380 1974 neget
1389 1931 1427 1975 ³).

341 2055 366 2096 ¹)
391 2053 551 2088 Ceterum
568 2053 658 2096 quod
675 2064 695 2086 a
711 2053 832 2087 Crusio
855 2063 897 2086 ex
912 2064 977 2087 usu
992 2053 1306 2096 monosyllaborum
1326 2053 1364 2086 in
1379 2053 1445 2086 fine
1460 2063 1620 2086 versuum

252 2107 483 2142 adhibitorum
507 2108 682 2150 conicitur,
705 2107 789 2140 mihi
805 2107 944 2151 quidem
958 2107 1083 2141 falsum
1104 2107 1249 2142 videtur.
1283 2107 1418 2141 Etenim
1441 2106 1533 2150 apud
1556 2108 1620 2141 Ba·

252 2162 363 2196 brium
385 2165 424 2196 ut
446 2163 537 2206 apud
561 2162 820 2205 Hipponact‹·m,
850 2162 1115 2205 Callimachum,
1139 2162 1225 2196 alios
1250 2172 1435 2205 numquam
1458 2162 1522 2195 hoe
1545 2162 1618 2196 loco

250 2218 487 2260 monosyllaba
509 2217 687 2258 leguntur,
723 2217 812 2259 apud
836 2217 1008 2250 Romanos
1047 2219 1162 2250 tamen
1190 2227 1260 2249 non
1289 2226 1424 2258 semper
1457 2217 1619 2257 vitantur,

251 2271 385 2305 etiamsi
401 2281 504 2315 saepe
521 2271 719 2305 coalescunt
734 2281 811 2304 cum
827 2270 960 2313 syllaba
976 2270 1210 2305 antecedente.
1242 2269 1284 2305 cf.
1305 2269 1429 2304 Catull.
1451 2279 1479 2304 c.
1497 2271 1551 2312 39,
1565 2272 1617 2304 20.

249 2328 302 2367 44,
319 2327 349 2360 2.
374 2328 438 2360 ete.

338 2381 363 2422 ²)
387 2379 479 2422 apud
502 2379 653 2413 Cramer.
676 2389 730 2414 an.
756 2379 817 2412 Ox.
842 2381 874 2412 3.
896 2389 929 2422 p.
954 2381 1028 2413 308.

337 2434 362 2476 ³)
388 2434 429 2468 cf.
445 2433 510 2477 srg.
534 2435 564 2468 9.
584 2437 632 2468 11.
653 2436 702 2468 12.
726 2433 885 2467 Phoenic.
909 2434 973 2476 frg.
993 2437 1021 2476 1,
1036 2435 1067 2467 3.
1091 2433 1132 2468 cf.
1150 2433 1313 2466 Priscian.
1332 2433 1373 2467 de
1391 2434 1489 2466 metr.
1507 2442 1615 2476 comp.

248 2499 281 2530 p.
304 2490 379 2522 418.
403 2489 454 2522 cd.
479 2488 584 2522 Gaisf.
1360 2531 1396 2564 2*
