1868 2981
556 779 921 837 Quaestiones
959 781 1289 837 Babrianae.

241 906 407 981 Constat
432 938 653 975 Graecorum
684 938 854 983 apologos
885 938 1134 982 antiqm'ssimis
1165 939 1380 983 temporibus
1405 949 1474 974 non
1499 950 1601 984 pecu-

240 1000 346 1037 liaria
357 1000 464 1036 fuisse
482 1000 649 1042 carmina,
667 999 728 1035 sed
742 1002 862 1045 partes
879 1000 1018 1035 tantum
1035 999 1237 1042 carminum,
1256 1002 1296 1035 ut
1313 999 1508 1035 adversarii
1523 1011 1603 1044 per-

239 1061 512 1105 stringerentur‚
531 1071 553 1095 a
568 1060 683 1105 poetis
698 1059 821 1104 lyricis
834 1060 1022 1096 adhibitas.
1074 1059 1200 1104 Itaque
1217 1060 1312 1095 haud
1328 1060 1521 1095 mirandum
1540 1065 1603 1098 est.

239 1120 336 1164 quod
360 1123 442 1165 post
465 1120 554 1155 illud
578 1123 717 1165 tempus
741 1130 811 1155 non
836 1120 947 1156 solum
973 1119 1230 1155 comoediarum
1256 1119 1318 1155 sed
1340 1120 1448 1155 etiam
1464 1124 1604 1163 tragoe-

244 1181 381 1216 diarum
405 1183 533 1225 poetae
558 1180 661 1215 multi
686 1183 789 1216 erant
817 1180 854 1215 in
879 1180 1036 1225 apologis
1061 1180 1245 1224 fingendis.
1296 1179 1464 1215 Fabellae
1490 1183 1605 1214 antem

242 1240 406 1284 quoniam
432 1244 606 1284 perpetuo
632 1240 669 1275 in
693 1240 870 1275 hominum
896 1249 957 1276 ore
982 1242 1085 1275 erant
1110 1243 1147 1275 et
1171 1240 1376 1284 aptissimae
1403 1239 1448 1275 ad
1473 1240 1608 1275 animos

242 1300 461 1335 audientium
479 1300 705 1335 delectandos
723 1310 765 1335 ac
782 1300 986 1344 captandos,
1004 1300 1137 1335 factum
1155 1303 1220 1342 est,
1238 1304 1279 1335 ut
1295 1300 1437 1345 placato
1450 1299 1608 1335 homines

242 1359 412 1404 carpendi
450 1359 580 1402 studio,
618 1359 710 1404 quod
747 1359 858 1404 primo
896 1370 1034 1405 semper
1062 1360 1179 1396 inerat
1208 1360 1246 1395 in
1276 1359 1428 1396 vetustis
1457 1359 1608 1400 fabellis,

245 1419 530 1463 frequentissime
555 1420 797 1465 arriperentur
826 1420 871 1456 ab
901 1420 1102 1456 oratoribus
1128 1424 1166 1456 et
1190 1420 1359 1465 sophistis
1384 1419 1429 1455 ad
1453 1419 1612 1455 homines

243 1479 483 1515 admonendos
508 1482 545 1515 et
566 1479 775 1517 edocendos.
818 1480 935 1524 Quare
957 1480 1038 1515 dum
1059 1480 1174 1525 magis
1196 1480 1378 1524 magisque
1396 1483 1432 1515 et
1448 1489 1612 1515 numerus

243 1542 283 1574 et
307 1539 400 1575 vires
426 1542 612 1583 poetarum
637 1540 828 1584 lyricorum
860 1540 1036 1584 deficiunt,
1070 1540 1242 1584 paulatim
1273 1541 1503 1584 apologorum
1529 1550 1613 1574 usus

247 1598 292 1632 ab
318 1599 519 1634 oratoribus
544 1599 597 1634 ita
622 1603 676 1634 est
702 1602 836 1644 auctus,
864 1603 905 1635 ut
929 1600 1000 1634 iam
1016 1599 1232 1636 Aristoteles
1257 1600 1300 1635 de
1326 1600 1457 1635 fabulis
1480 1609 1551 1634 non
1576 1600 1612 1634 in

246 1659 351 1695 libris
376 1660 419 1695 de
451 1663 529 1696 arte
560 1661 711 1705 poetica,
749 1661 808 1696 sed
840 1660 884 1696 de
914 1661 1093 1697 rhetorica
1102 1660 1130 1707 ¹)
1169 1661 1378 1706 conscriptis
1409 1660 1611 1696 dissereret.

249 1720 348 1756 Tunc
374 1723 492 1755 autem
519 1719 608 1759 αἶνος
633 1724 688 1756 est
708 1722 869 1757 narratio
885 1722 948 1763 rei,
974 1731 1066 1765 quae
1083 1721 1242 1757 evenisse
1259 1721 1448 1765 aliquando
1465 1719 1612 1763 fingitur

248 1790 294 1815 ea
318 1784 446 1822 mente,
479 1784 519 1816 ut
550 1784 612 1816 aut
642 1781 687 1816 ad
712 1782 880 1816 virtutem
905 1784 968 1816 aut
993 1782 1039 1817 ad
1063 1782 1289 1826 prudentiam
1313 1781 1378 1817 fiat
1402 1781 1611 1822 exhortatio,

247 1840 341 1884 quod
365 1840 577 1876 fabellarum
601 1851 714 1885 genus
739 1842 907 1877 utebatur
930 1851 1089 1878 sermone
1107 1842 1223 1877 soluto
1240 1841 1541 1887 praestantissime
1567 1842 1610 1876 ab

249 1900 412 1946 Aesopo,
453 1902 513 1946 qui
551 1902 697 1945 dicitur,
736 1903 921 1938 excultum.
973 1903 1076 1948 Quod
1112 1907 1237 1947 postea
1266 1902 1453 1938 nonnullos
1482 1902 1613 1946 Aesopi

251 1961 420 2006 apologos
438 1973 460 1997 a
476 1962 634 2005 Socrate,
661 1973 739 1998 cum
756 1966 851 1999 esset
868 1963 904 1998 in
929 1963 1079 1999 vinculis
1096 1963 1258 2008 publicis,
1285 1963 1442 1999 versibus
1459 1962 1613 1998 inclusos

251 2031 329 2057 esse
353 2022 521 2066 ferunt2),
546 2023 777 2059 iniudicatum
799 2024 971 2067 relinquo.
1023 2024 1241 2059 Demetrium
1257 2023 1478 2064 Phalereum,
1505 2023 1565 2066 qui
1592 2034 1613 2057 a

250 2082 468 2124 Quintiliano
493 2083 638 2118 ultimus
664 2093 708 2118 ex
733 2083 870 2119 Atticis
896 2087 1018 2119 orator
1042 2088 1201 2124 vocatur,
1233 2083 1549 2127 praeclarissimam
1575 2082 1613 2117 in

251 2141 388 2185 Aesopi
426 2143 619 2178 histor-iolis
652 2143 857 2187 colligendis
888 2154 1029 2188 operam
1060 2154 1208 2180 navasse
1239 2143 1341 2178 testis
1367 2146 1421 2178 est
1444 2142 1613 2178 Laertius

253 2200 433 2244 Diogenes
443 2203 483 2247 ³).
519 2203 575 2238 Ita
592 2202 723 2239 factum
741 2207 806 2246 est,
825 2207 865 2239 ut
883 2203 1102 2239 Graecorum
1119 2204 1273 2239 fabellae
1291 2204 1335 2239 ad
1353 2202 1615 2238 Alexandrinos

252 2262 450 2297 translatae
468 2263 776 2298 commiscerentur
793 2273 870 2298 cum
887 2264 1046 2307 apologis
1058 2263 1318 2307 Aegyptiorum
1333 2266 1370 2297 et
1381 2262 1409 2298 J
1411 2263 1613 2299 udaeorum.

343 2370 354 2387 1

342 2374 367 2466 Ως
392 2369 435 2458 ἒξ,
457 2372 588 2459 &hig-n.
612 2425 738 2460 Phaed.
767 2437 800 2469 p.
824 2428 875 2460 61.
900 2426 931 2460 b.
977 2426 1148 2460 Plutarch.
1172 2426 1214 2459 de
1238 2425 1315 2459 aud.
1339 2428 1430 2469 poet.
1454 2437 1487 2469 p.
1514 2429 1552 2460 16
1587 2437 1614 2460 c.

253 2477 375 2511 Avian.
399 2480 503 2521 praef.
527 2480 620 2515 Suid.
644 2492 670 2514 s.
693 2492 723 2514 v.
749 2481 929 2525 Σωκράτης.

342 2534 368 2576 ³)
393 2534 431 2576 V,
455 2538 507 2571 80.
531 2538 582 2570 81.
1362 2585 1372 2614 l
