1868 2981
853 169 1086 205 ‚10-

384 274 406 308 2
432 281 573 314 versus,
600 272 638 306 in
671 276 718 313 αῖ,
751 276 795 316 οἵ,
823 286 850 315 ς,
877 286 894 306 ν
921 276 958 308 61
983 272 1101 309 6116111.
1128 273 1168 314 2,
1199 272 1237 308 111
1261 273 1405 308 brevem
1432 271 1590 308 vocalem
1614 272 1650 307 0.

288 332 387 367 1111111
404 332 524 376 quarti
540 331 730 367 choliambi
747 332 806 374 28,
833 341 983 376 quorum
1000 335 1130 368 exeunt
1147 331 1184 368 in
1210 332 1367 376 syllabas
1382 335 1513 368 natura
1528 332 1653 376 long-as

387 392 433 428 14
457 401 592 435 versus,
618 392 655 427 in
681 395 729 433 αῖ,
756 390 801 435 οῖ,
828 406 855 434 ς,
882 406 899 426 ν
926 396 963 427 61
989 393 1107 428 666111.
1138 394 1193 434 11,
1219 392 1257 427 111
1281 392 1424 428 brevem
1441 392 1599 429 vocalem
1618 393 1650 427 3.

383 451 492 487 Vides
530 451 639 497 igitur
665 451 759 496 apud
799 461 920 487 omnes
959 451 1312 497 choliambographos
1349 450 1654 497 frequentissimas

289 522 367 548 esse
392 512 429 548 111
455 512 582 548 ultima
606 522 772 548 versuum
797 512 882 548 sede
907 513 1031 558 longas
1056 512 1213 559 syllabas
1237 522 1378 557 easque,
1409 520 1500 557 quae
1525 516 1654 549 exeant

286 573 324 608 in
342 574 390 612 αἵ,
419 574 464 615 οἵ,
482 586 511 615 ν,
538 586 568 612 ς,
593 572 795 608 rarissimas
812 582 883 617 eas,
913 583 1003 616 quae
1020 576 1149 608 exeant
1162 573 1199 608 in
1217 571 1341 608 breves
1362 573 1512 609 vocales.
1555 573 1655 618 Quae

288 642 367 667 cum
386 633 439 668 ita
456 632 538 673 sint,
561 632 718 668 Babrius
734 632 830 668 haud
847 642 972 668 novam
990 633 1163 677 quandam
1179 632 1292 677 legem
1309 632 1484 669 invenisse
1499 633 1652 674 videtur.

287 693 350 728 sed
375 695 518 728 secutus
536 702 613 727 esse
639 695 859 728 constantem
879 692 1268 736 Graecorummorem,
1295 693 1348 728 ita
1363 696 1494 737 tamen,
1519 697 1561 729 ut
1577 694 1654 728 fere

290 762 410 787 omnes
435 752 593 797 syllabas
630 752 668 787 in
698 753 842 788 brevem
868 756 1038 788 exeuntes
1075 752 1230 788 vocalem
1265 752 1443 797 expulisse
1480 752 1654 788 videatur.

292 811 402 857 Apud
427 812 609 847 Romanos
635 815 754 848 autem
780 811 915 847 nullum
941 812 1044 848 huius
1074 822 1218 848 normae
1244 812 1434 856 vestigium
1464 812 1655 849 invenitur.

282 872 374 908 Nam

291 931 437 974 Catulli,
464 933 524 977 qui
541 935 688 973 restant,
716 932 992 968 choliamborum
1012 933 1082 968 126
1109 936 1241 969 exeunt
1256 933 1293 968 in
1318 932 1460 969 brevem
1483 933 1655 978 syllabam

383 993 429 1029 65
456 1003 588 1029 versus.

288 1052 468 1088 Martialis
492 1053 576 1088 libri
594 1053 700 1097 primi
717 1053 811 1088 inter
828 1053 1043 1089 choliambos
1060 1054 1107 1088 49
1126 1056 1255 1088 exeunt
1270 1053 1306 1088 in
1324 1054 1466 1089 brevem
1484 1054 1656 1099 syllabam

386 1113 433 1147 24
459 1122 591 1149 versus.

293 1172 474 1207 Martialis
511 1173 592 1208 libri
626 1174 823 1209 duodecimi
860 1174 955 1208 inter
992 1173 1209 1209 choliambos
1235 1174 1282 1209 75
1307 1176 1415 1208 exunt
1450 1173 1488 1208 in
1516 1174 1656 1208 brevem

387 1232 561 1277 syllabam
588 1233 634 1269 39
660 1243 793 1269 versus.

390 1291 559 1327 Ceterum
597 1293 746 1328 similem
784 1293 899 1337 legem
939 1296 1045 1336 atque
1069 1292 1223 1328 Babrius
1260 1292 1422 1336 sequitur
1446 1291 1593 1328 Nonnus
1623 1295 1659 1327 61

296 1351 448 1395 elegiaci
475 1352 692 1396 antiquiores
717 1353 754 1387 111
778 1355 1002 1397 pentametro
1029 1356 1197 1388 extremo.

388 1410 514 1455 Pergit
540 1415 657 1447 autem
683 1411 884 1447 Ahrensius
914 1412 980 1447 hoc
1005 1412 1123 1447 modo:
1167 1412 1332 1455 „Altera,
1365 1421 1453 1454 quae
1479 1411 1658 1446 rarissime

291 1471 466 1514 violatur,
507 1472 596 1508 11666
633 1475 689 1507 est
728 1472 805 1518 (scl.
833 1471 992 1518 regula).
1033 1476 1074 1507 ut
1109 1472 1328 1517 paenultima
1364 1480 1486 1507 versus
1523 1470 1660 1516 syllaba

292 1536 475 1567 accentum
502 1532 666 1567 habeat.“
719 1533 776 1568 Ac
799 1532 953 1577 primum
978 1532 1116 1576 quidem
1143 1532 1237 1575 quod
1262 1532 1428 1567 undecies
1453 1531 1661 1576 pronomina

291 1591 389 1637 ἡμεῖς
420 1595 458 1627 61
488 1591 582 1636 ὑμεῖς
611 1592 648 1627 111
685 1592 812 1627 111111116.
849 1592 1122 1627 choliamborum
1160 1592 1242 1627 sede
1280 1591 1454 1627 collocata
1491 1591 1659 1631 videmus.

294 1651 435 1686 omnino
460 1661 531 1687 non
556 1655 741 1696 peccatum
768 1655 833 1692 est.
866 1662 943 1687 cum
970 1652 1039 1687 iam
1065 1652 1159 1696 apud
1183 1651 1378 1687 Homerum
1405 1654 1442 1686 et
1466 1650 1660 1686 Hesiodum

294 1710 432 1746 formae
457 1711 554 1758 ἦμεις
571 1715 608 1747 61
625 1711 718 1757 ῧμεις
735 1712 866 1748 reiecto
884 1716 1033 1748 accentu
1051 1712 1288 1748 inveniantur.
1324 1711 1488 1754 Accedit,
1515 1712 1608 1756 quod
1626 1715 1662 1747 et

293 1771 330 1805 in
356 1772 480 1806 mediis
507 1781 668 1806 versuum
695 1772 856 1815 partibus
883 1771 1050 1813 Babrius,
1082 1772 1292 1815 ubicumque
1317 1772 1372 1806 his
1401 1772 1662 1815 pronominibus

297 1830 428 1873 utitur,
469 1830 622 1865 retrahit
652 1834 835 1865 accentum
867 1831 903 1865 in
934 1830 1107 1875 syllabam
1137 1831 1286 1875 primam
1296 1831 1334 1876 ¹).
1386 1829 1457 1866 Sed
1488 1831 1664 1873 quotiens·

295 1899 443 1932 cumque
468 1889 688 1933 paenultima
711 1900 874 1924 versuum
893 1890 1030 1933 syllaba
1055 1893 1236 1925 accentum
1263 1901 1333 1925 non
1359 1891 1477 1933 habet,
1504 1901 1574 1925 non
1600 1890 1662 1925 du-

302 1949 396 1984 bium
423 1949 583 1992 videtur,
616 1950 699 1993 quin
723 1949 760 1984 hi
786 1950 854 1984 loci
881 1950 1038 1995 corrupti
1065 1950 1134 1985 sint
1144 1950 1186 1995 2).
1237 1950 1279 1985 In
1312 1950 1514 1995 epimythiis
1545 1953 1663 1985 autem

385 2096 409 2137 ¹)
434 2094 475 2128 cf.
506 2100 561 2139 la,
581 2098 629 2130 15.
662 2098 712 2138 12,
733 2097 781 2130 12.
809 2097 858 2138 15,
879 2099 927 2129 14.
953 2098 1005 2139 24,
1022 2097 1051 2130 5.
1076 2097 1196 2138 36,12.
1222 2097 1275 2138 71,
1291 2098 1321 2129 7.
1344 2097 1398 2139 85,
1414 2097 1443 2130 9.
1468 2097 1588 2139 85,13.
1611 2098 1664 2138 85,

299 2151 349 2182 14.
374 2150 427 2191 93,
445 2152 474 2183 9.
500 2152 552 2192 95,
570 2153 622 2185 30.
647 2152 701 2191 95,
722 2153 773 2185 80.
802 2153 871 2192 131,
889 2153 919 2184 2.
943 2162 970 2184 6.
996 2161 1024 2184 6.
1049 2151 1179 2195 (ἡμέωνε
1205 2153 1257 2192 90,
1274 2152 1335 2192 2.);
1364 2152 1424 2184 sed
1446 2152 1482 2183 in
1505 2161 1664 2184 versuum

296 2203 410 2236 initio:
435 2204 523 2247 ἡμεῖς
550 2204 591 2237 cf.
615 2206 667 2246 36,
687 2207 736 2238 11.
762 2207 835 2246 128,
850 2207 882 2238 4.

387 2264 413 2304 ²)
437 2263 479 2297 cf.
506 2266 557 2306 12,
584 2266 633 2298 18.
659 2275 760 2307 quem
783 2274 920 2298 versum
941 2265 1096 2308 spurium
1119 2264 1248 2298 ducunt
1262 2265 1464 2307 Ahrensius,
1487 2264 1665 2306 Bergkius‚

298 2317 542 2360 Eberhardius,
566 2319 634 2353 alii.
658 2319 699 2352 cf.
719 2320 770 2360 65,
790 2323 818 2353 1.
842 2319 964 2352 Το111111
980 2322 1094 2353 61116111
1109 2319 1210 2353 huius
1226 2319 1372 2353 fabellae
1395 2319 1571 2353 exordium
1593 2329 1665 2352 mu-

299 2372 436 2405 tilatum
461 2383 536 2407 esse
561 2376 706 2416 apparet
728 2384 746 2407 e
763 2374 868 2408 Suida
892 2384 918 2406 s.
941 2384 971 2406 v,
995 2374 1120 2417 γέρανος
1146 2375 1181 2407 61
1202 2373 1287 2410 ταὼς
1312 2372 1462 2416 εὐπήληξ.
1500 2373 1540 2407 cf.
1565 2375 1618 2416 73,
1638 2377 1664 2406 l.

301 2427 477 2470 Apologus
494 2428 683 2461 miserrime
700 2430 853 2462 curtatus
870 2430 931 2462 est.
971 2427 1247 2462 Schneidewinus
1264 2430 1298 2462 et
1313 2428 1480 2471 Bergkius
1496 2438 1565 2462 non
1587 2430 1666 2472 apte

302 2485 500 2525 proponunt
515 2483 640 2527 κλάγςα,
664 2483 855 2517 Ahrensius
871 2484 1003 2528 κλαγγὴν
1019 2483 1169 2525 glossam
1185 2484 1324 2525 genuini
1339 2488 1432 2528 γῆρυν
1450 2484 1665 2518 existimavit.
