<?xml version="1.0" encoding="UTF-8"?>
<!DOCTYPE html PUBLIC "-//W3C//DTD XHTML 1.0 Transitional//EN"
    "http://www.w3.org/TR/xhtml1/DTD/xhtml1-transitional.dtd">
<html xmlns="http://www.w3.org/1999/xhtml" xml:lang="en" lang="en">
 <head>
  <title>
</title>
<meta http-equiv="Content-Type" content="text/html;charset=utf-8" />
  <meta name='ocr-system' content='tesseract 3.04.00' />
  <meta name='ocr-capabilities' content='ocr_page ocr_carea ocr_par ocr_line ocrx_word'/>
</head>
<body>
  <div class='ocr_page' id='page_1' title='image "4737236_0035.png"; bbox 0 0 1868 2981; ppageno 0'>
   <div class='ocr_carea' id='block_1_1' title="bbox 795 194 1032 228">
    <p class='ocr_par' dir='ltr' id='par_1_1' title="bbox 795 194 1032 228">
     <span class='ocr_line' id='line_1_1' title="bbox 795 194 1032 228; baseline 0 -9"><span class='ocrx_word' id='word_1_1' title='bbox 795 194 1032 228; x_wconf 72' lang='lat'><strong><em>—25‘—</em></strong></span> 
     </span>
    </p>
   </div>
   <div class='ocr_carea' id='block_1_2' title="bbox 223 294 1595 1529">
    <p class='ocr_par' dir='ltr' id='par_1_2' title="bbox 229 294 1595 462">
     <span class='ocr_line' id='line_1_2' title="bbox 229 294 1595 338; baseline -0.001 -7"><span class='ocrx_word' id='word_1_2' title='bbox 229 300 322 338; x_wconf 86' lang='lat' dir='ltr'><strong>sunt,</strong></span> <span class='ocrx_word' id='word_1_3' title='bbox 349 295 475 332; x_wconf 82' lang='lat' dir='ltr'><strong>Orusio</strong></span> <span class='ocrx_word' id='word_1_4' title='bbox 502 294 762 332; x_wconf 87' lang='lat' dir='ltr'><strong>concedendum</strong></span> <span class='ocrx_word' id='word_1_5' title='bbox 787 299 843 332; x_wconf 86' lang='lat' dir='ltr'><strong>est</strong></span> <span class='ocrx_word' id='word_1_6' title='bbox 867 295 1069 332; x_wconf 78' lang='lat' dir='ltr'><strong>Branchum</strong></span> <span class='ocrx_word' id='word_1_7' title='bbox 1095 300 1132 332; x_wconf 85' lang='lat' dir='ltr'><strong>et</strong></span> <span class='ocrx_word' id='word_1_8' title='bbox 1158 295 1353 331; x_wconf 83' lang='lat' dir='ltr'><strong>Alexandri</strong></span> <span class='ocrx_word' id='word_1_9' title='bbox 1382 295 1495 331; x_wconf 91' lang='lat' dir='ltr'><strong>filium</strong></span> <span class='ocrx_word' id='word_1_10' title='bbox 1524 304 1595 331; x_wconf 91' lang='lat' dir='ltr'><strong>non</strong></span> 
     </span>
     <span class='ocr_line' id='line_1_3' title="bbox 229 354 1172 400; baseline 0 -9"><span class='ocrx_word' id='word_1_11' title='bbox 229 355 369 391; x_wconf 85' lang='lat' dir='ltr'><strong>eosdem</strong></span> <span class='ocrx_word' id='word_1_12' title='bbox 394 355 515 392; x_wconf 87' lang='lat' dir='ltr'><strong>fuisse.</strong></span> <span class='ocrx_word' id='word_1_13' title='bbox 568 354 623 391; x_wconf 86' lang='lat' dir='ltr'><strong>At</strong></span> <span class='ocrx_word' id='word_1_14' title='bbox 647 358 767 390; x_wconf 84' lang='lat' dir='ltr'><strong>tamen</strong></span> <span class='ocrx_word' id='word_1_15' title='bbox 791 356 901 392; x_wconf 87' lang='lat' dir='ltr'><strong>verba</strong></span> <span class='ocrx_word' id='word_1_16' title='bbox 925 355 1053 391; x_wconf 83' lang='lat' dir='ltr'><strong>Babrii</strong></span> <span class='ocrx_word' id='word_1_17' title='bbox 1077 355 1172 400; x_wconf 83' lang='lat' dir='ltr'><strong>ipsa:</strong></span> 
     </span>
     <span class='ocr_line' id='line_1_4' title="bbox 567 412 1251 462; baseline 0.003 -13"><span class='ocrx_word' id='word_1_18' title='bbox 567 413 607 451; x_wconf 81' lang='grc' dir='ltr'><strong>ὲκ</strong></span> <span class='ocrx_word' id='word_1_19' title='bbox 632 412 790 461; x_wconf 84' lang='grc' dir='ltr'>δευτέρου</span> <span class='ocrx_word' id='word_1_20' title='bbox 817 428 867 450; x_wconf 91' lang='grc' dir='ltr'><strong>σοι</strong></span> <span class='ocrx_word' id='word_1_21' title='bbox 891 414 990 462; x_wconf 76' lang='grc' dir='ltr'>τήνδε</span> <span class='ocrx_word' id='word_1_22' title='bbox 1015 415 1124 462; x_wconf 85' lang='grc' dir='ltr'>βίβλον</span> <span class='ocrx_word' id='word_1_23' title='bbox 1150 414 1251 451; x_wconf 81' lang='grc' dir='ltr'>ἀείδω</span> 
     </span>
    </p>

    <p class='ocr_par' dir='ltr' id='par_1_3' title="bbox 225 474 1595 1231">
     <span class='ocr_line' id='line_1_5' title="bbox 228 474 1594 520; baseline -0.001 -10"><span class='ocrx_word' id='word_1_24' title='bbox 228 474 486 510; x_wconf 78' lang='lat' dir='ltr'><strong>dubitationem</strong></span> <span class='ocrx_word' id='word_1_25' title='bbox 503 484 573 510; x_wconf 91' lang='lat' dir='ltr'><strong>non</strong></span> <span class='ocrx_word' id='word_1_26' title='bbox 594 474 737 517; x_wconf 86' lang='lat' dir='ltr'><strong>habent,</strong></span> <span class='ocrx_word' id='word_1_27' title='bbox 763 475 847 518; x_wconf 88' lang='lat' dir='ltr'><strong>quin</strong></span> <span class='ocrx_word' id='word_1_28' title='bbox 869 474 982 510; x_wconf 88' lang='lat' dir='ltr'><strong>eidem</strong></span> <span class='ocrx_word' id='word_1_29' title='bbox 1008 478 1045 510; x_wconf 91' lang='lat' dir='ltr'><strong>et</strong></span> <span class='ocrx_word' id='word_1_30' title='bbox 1069 476 1167 520; x_wconf 90' lang='lat' dir='ltr'><strong>prior</strong></span> <span class='ocrx_word' id='word_1_31' title='bbox 1192 478 1229 511; x_wconf 85' lang='lat' dir='ltr'><strong>et</strong></span> <span class='ocrx_word' id='word_1_32' title='bbox 1255 474 1370 511; x_wconf 88' lang='lat' dir='ltr'><strong>altera</strong></span> <span class='ocrx_word' id='word_1_33' title='bbox 1394 474 1594 510; x_wconf 82' lang='lat' dir='ltr'><strong>fabularum</strong></span> 
     </span>
     <span class='ocr_line' id='line_1_6' title="bbox 228 533 1594 581; baseline -0.001 -11"><span class='ocrx_word' id='word_1_34' title='bbox 228 533 338 570; x_wconf 88' lang='lat' dir='ltr'><strong>editio</strong></span> <span class='ocrx_word' id='word_1_35' title='bbox 365 545 386 569; x_wconf 85' lang='lat' dir='ltr'><strong>a</strong></span> <span class='ocrx_word' id='word_1_36' title='bbox 411 533 543 569; x_wconf 85' lang='lat' dir='ltr'><strong>Babrio</strong></span> <span class='ocrx_word' id='word_1_37' title='bbox 568 533 641 569; x_wconf 83' lang='lat' dir='ltr'><strong>sint</strong></span> <span class='ocrx_word' id='word_1_38' title='bbox 667 533 865 575; x_wconf 82' lang='lat' dir='ltr'><strong>dedicatae;</strong></span> <span class='ocrx_word' id='word_1_39' title='bbox 904 534 992 569; x_wconf 91' lang='lat' dir='ltr'><strong>illud</strong></span> <span class='ocrx_word' id='word_1_40' title='bbox 1015 534 1108 570; x_wconf 87' lang='lat' dir='ltr'><strong>em&#39;m</strong></span> <span class='ocrx_word' id='word_1_41' title='bbox 1134 534 1174 570; x_wconf 77' lang='grc' dir='ltr'><strong>ἐκ</strong></span> <span class='ocrx_word' id='word_1_42' title='bbox 1199 533 1357 581; x_wconf 84' lang='grc' dir='ltr'>δευτέρου</span> <span class='ocrx_word' id='word_1_43' title='bbox 1383 534 1472 570; x_wconf 90' lang='lat' dir='ltr'><strong>nihil</strong></span> <span class='ocrx_word' id='word_1_44' title='bbox 1497 534 1594 569; x_wconf 86' lang='lat' dir='ltr'><strong>aliud</strong></span> 
     </span>
     <span class='ocr_line' id='line_1_7' title="bbox 226 592 1593 638; baseline 0.001 -10"><span class='ocrx_word' id='word_1_45' title='bbox 226 592 428 637; x_wconf 86' lang='lat' dir='ltr'><strong>significare</strong></span> <span class='ocrx_word' id='word_1_46' title='bbox 466 596 573 637; x_wconf 86' lang='lat' dir='ltr'><strong>atque</strong></span> <span class='ocrx_word' id='word_1_47' title='bbox 610 593 773 628; x_wconf 90' lang='lat' dir='ltr'><strong>voculam</strong></span> <span class='ocrx_word' id='word_1_48' title='bbox 811 593 940 628; x_wconf 84' lang='lat' dir='ltr'><strong>iterum</strong></span> <span class='ocrx_word' id='word_1_49' title='bbox 983 593 1232 638; x_wconf 86' lang='lat' dir='ltr'><strong>comprobatur</strong></span> <span class='ocrx_word' id='word_1_50' title='bbox 1270 594 1341 630; x_wconf 87' lang='lat' dir='ltr'><strong>fab.</strong></span> <span class='ocrx_word' id='word_1_51' title='bbox 1377 594 1457 635; x_wconf 85' lang='lat'>114,</span> <span class='ocrx_word' id='word_1_52' title='bbox 1482 594 1516 629; x_wconf 88' lang='grc'><strong>5.</strong></span> <span class='ocrx_word' id='word_1_53' title='bbox 1555 598 1593 629; x_wconf 89' lang='lat' dir='ltr'><strong>et</strong></span> 
     </span>
     <span class='ocr_line' id='line_1_8' title="bbox 226 650 1593 696; baseline 0.001 -9"><span class='ocrx_word' id='word_1_54' title='bbox 226 652 298 687; x_wconf 88' lang='lat' dir='ltr'><strong>fab.</strong></span> <span class='ocrx_word' id='word_1_55' title='bbox 326 652 384 693; x_wconf 90' lang='lat'><strong>95,</strong></span> <span class='ocrx_word' id='word_1_56' title='bbox 406 653 487 687; x_wconf 93' lang='lat'>101.</span> <span class='ocrx_word' id='word_1_57' title='bbox 538 652 614 687; x_wconf 88' lang='lat' dir='ltr'><strong>Nec</strong></span> <span class='ocrx_word' id='word_1_58' title='bbox 639 651 780 687; x_wconf 86' lang='lat' dir='ltr'><strong>felicius</strong></span> <span class='ocrx_word' id='word_1_59' title='bbox 807 662 828 686; x_wconf 85' lang='lat' dir='ltr'><strong>a</strong></span> <span class='ocrx_word' id='word_1_60' title='bbox 851 650 978 687; x_wconf 84' lang='lat' dir='ltr'><strong>Crusio</strong></span> <span class='ocrx_word' id='word_1_61' title='bbox 1003 652 1081 687; x_wconf 85' lang='lat' dir='ltr'><strong>fieri</strong></span> <span class='ocrx_word' id='word_1_62' title='bbox 1105 653 1263 696; x_wconf 86' lang='lat' dir='ltr'><strong>potuisse</strong></span> <span class='ocrx_word' id='word_1_63' title='bbox 1289 653 1526 695; x_wconf 80' lang='lat' dir='ltr'><strong>contenditur,</strong></span> <span class='ocrx_word' id='word_1_64' title='bbox 1553 657 1593 688; x_wconf 86' lang='lat' dir='ltr'><strong>ut</strong></span> 
     </span>
     <span class='ocr_line' id='line_1_9' title="bbox 226 710 1592 756; baseline 0.001 -10"><span class='ocrx_word' id='word_1_65' title='bbox 226 714 348 756; x_wconf 87' lang='lat' dir='ltr'><strong>poeta,</strong></span> <span class='ocrx_word' id='word_1_66' title='bbox 387 711 590 755; x_wconf 83' lang='lat' dir='ltr'><strong>priusquam</strong></span> <span class='ocrx_word' id='word_1_67' title='bbox 624 710 793 755; x_wconf 84' lang='lat' dir='ltr'>apologos</span> <span class='ocrx_word' id='word_1_68' title='bbox 825 710 991 746; x_wconf 86' lang='lat' dir='ltr'><strong>collectos</strong></span> <span class='ocrx_word' id='word_1_69' title='bbox 1025 711 1208 755; x_wconf 82' lang='lat' dir='ltr'><strong>edidisset,</strong></span> <span class='ocrx_word' id='word_1_70' title='bbox 1248 712 1418 756; x_wconf 83' lang='lat' dir='ltr'><strong>pauculos</strong></span> <span class='ocrx_word' id='word_1_71' title='bbox 1456 712 1592 756; x_wconf 85' lang='lat' dir='ltr'><strong>aliquos</strong></span> 
     </span>
     <span class='ocr_line' id='line_1_10' title="bbox 226 770 1591 817; baseline 0.001 -11"><span class='ocrx_word' id='word_1_72' title='bbox 226 771 360 817; x_wconf 82' lang='lat' dir='ltr'><strong>publici</strong></span> <span class='ocrx_word' id='word_1_73' title='bbox 392 770 480 807; x_wconf 89' lang='lat' dir='ltr'><strong>iuris</strong></span> <span class='ocrx_word' id='word_1_74' title='bbox 510 770 647 806; x_wconf 85' lang='lat' dir='ltr'><strong>faceret</strong></span> <span class='ocrx_word' id='word_1_75' title='bbox 677 770 736 807; x_wconf 88' lang='lat' dir='ltr'><strong>vel</strong></span> <span class='ocrx_word' id='word_1_76' title='bbox 762 770 885 806; x_wconf 89' lang='lat' dir='ltr'><strong>amicis</strong></span> <span class='ocrx_word' id='word_1_77' title='bbox 910 770 1122 815; x_wconf 87' lang='lat' dir='ltr'><strong>impertiret.</strong></span> <span class='ocrx_word' id='word_1_78' title='bbox 1172 770 1315 806; x_wconf 83' lang='lat' dir='ltr'><strong>Etenim</strong></span> <span class='ocrx_word' id='word_1_79' title='bbox 1339 771 1494 807; x_wconf 86' lang='lat' dir='ltr'><strong>Babrius</strong></span> <span class='ocrx_word' id='word_1_80' title='bbox 1518 772 1591 808; x_wconf 88' lang='lat' dir='ltr'><strong>filio</strong></span> 
     </span>
     <span class='ocr_line' id='line_1_11' title="bbox 226 830 1592 876; baseline 0 -9"><span class='ocrx_word' id='word_1_81' title='bbox 226 831 427 867; x_wconf 82' lang='lat' dir='ltr'><strong>Alexandri</strong></span> <span class='ocrx_word' id='word_1_82' title='bbox 455 830 581 867; x_wconf 85' lang='lat' dir='ltr'><strong>Severi</strong></span> <span class='ocrx_word' id='word_1_83' title='bbox 611 830 761 866; x_wconf 82' lang='lat' dir='ltr'><strong>fabellas</strong></span> <span class='ocrx_word' id='word_1_84' title='bbox 792 840 861 866; x_wconf 92' lang='lat' dir='ltr'><strong>non</strong></span> <span class='ocrx_word' id='word_1_85' title='bbox 892 833 976 866; x_wconf 88' lang='lat' dir='ltr'><strong>ante</strong></span> <span class='ocrx_word' id='word_1_86' title='bbox 1008 840 1137 866; x_wconf 87' lang='lat' dir='ltr'><strong>annum</strong></span> <span class='ocrx_word' id='word_1_87' title='bbox 1163 831 1245 866; x_wconf 85' lang='lat'><strong>235.</strong></span> <span class='ocrx_word' id='word_1_88' title='bbox 1272 831 1415 866; x_wconf 83' lang='lat' dir='ltr'><strong>mittere</strong></span> <span class='ocrx_word' id='word_1_89' title='bbox 1439 834 1592 876; x_wconf 81' lang='lat' dir='ltr'><strong>poterat,</strong></span> 
     </span>
     <span class='ocr_line' id='line_1_12' title="bbox 227 889 1593 935; baseline -0.001 -9"><span class='ocrx_word' id='word_1_90' title='bbox 227 901 306 926; x_wconf 85' lang='lat' dir='ltr'><strong>cum</strong></span> <span class='ocrx_word' id='word_1_91' title='bbox 336 889 430 926; x_wconf 90' lang='lat' dir='ltr'><strong>filius</strong></span> <span class='ocrx_word' id='word_1_92' title='bbox 468 890 717 934; x_wconf 83' lang='lat' dir='ltr'><strong>imperatorius</strong></span> <span class='ocrx_word' id='word_1_93' title='bbox 751 900 863 933; x_wconf 87' lang='lat' dir='ltr'><strong>neque</strong></span> <span class='ocrx_word' id='word_1_94' title='bbox 902 893 985 925; x_wconf 87' lang='lat' dir='ltr'><strong>ante</strong></span> <span class='ocrx_word' id='word_1_95' title='bbox 1023 900 1153 925; x_wconf 88' lang='lat' dir='ltr'><strong>annum</strong></span> <span class='ocrx_word' id='word_1_96' title='bbox 1186 890 1267 925; x_wconf 84' lang='lat'>225.</span> <span class='ocrx_word' id='word_1_97' title='bbox 1300 894 1404 925; x_wconf 86' lang='lat' dir='ltr'><strong>natus</strong></span> <span class='ocrx_word' id='word_1_98' title='bbox 1436 894 1488 933; x_wconf 85' lang='lat' dir='ltr'><strong>et,</strong></span> <span class='ocrx_word' id='word_1_99' title='bbox 1527 901 1593 935; x_wconf 89' lang='lat' dir='ltr'><strong>quo</strong></span> 
     </span>
     <span class='ocr_line' id='line_1_13' title="bbox 225 950 1593 995; baseline -0.001 -9"><span class='ocrx_word' id='word_1_100' title='bbox 225 955 383 995; x_wconf 87' lang='lat' dir='ltr'><strong>tempore</strong></span> <span class='ocrx_word' id='word_1_101' title='bbox 413 950 544 986; x_wconf 83' lang='lat' dir='ltr'><strong>librum</strong></span> <span class='ocrx_word' id='word_1_102' title='bbox 575 950 714 994; x_wconf 87' lang='lat' dir='ltr'><strong>accepit</strong></span> <span class='ocrx_word' id='word_1_103' title='bbox 745 950 963 992; x_wconf 86' lang='lat' dir='ltr'><strong>dedicatum,</strong></span> <span class='ocrx_word' id='word_1_104' title='bbox 1004 960 1045 985; x_wconf 86' lang='lat' dir='ltr'><strong>eo</strong></span> <span class='ocrx_word' id='word_1_105' title='bbox 1085 950 1180 985; x_wconf 85' lang='lat' dir='ltr'><strong>circa</strong></span> <span class='ocrx_word' id='word_1_106' title='bbox 1212 950 1257 985; x_wconf 90' lang='lat' dir='ltr'><strong>ad</strong></span> <span class='ocrx_word' id='word_1_107' title='bbox 1289 953 1441 986; x_wconf 82' lang='lat' dir='ltr'><strong>aetatem</strong></span> <span class='ocrx_word' id='word_1_108' title='bbox 1473 950 1593 986; x_wconf 90' lang='lat' dir='ltr'><strong>decem</strong></span> 
     </span>
     <span class='ocr_line' id='line_1_14' title="bbox 226 1009 1595 1054; baseline -0.001 -9"><span class='ocrx_word' id='word_1_109' title='bbox 226 1020 399 1045; x_wconf 87' lang='lat' dir='ltr'><strong>annorum</strong></span> <span class='ocrx_word' id='word_1_110' title='bbox 415 1013 603 1054; x_wconf 88' lang='lat' dir='ltr'><strong>provectus</strong></span> <span class='ocrx_word' id='word_1_111' title='bbox 621 1020 697 1046; x_wconf 87' lang='lat' dir='ltr'><strong>esse</strong></span> <span class='ocrx_word' id='word_1_112' title='bbox 719 1010 913 1045; x_wconf 85' lang='lat' dir='ltr'><strong>censendus</strong></span> <span class='ocrx_word' id='word_1_113' title='bbox 937 1010 997 1045; x_wconf 88' lang='lat' dir='ltr'><strong>sit.</strong></span> <span class='ocrx_word' id='word_1_114' title='bbox 1049 1010 1145 1053; x_wconf 83' lang='lat' dir='ltr'><strong>Quae</strong></span> <span class='ocrx_word' id='word_1_115' title='bbox 1170 1009 1202 1045; x_wconf 80' lang='lat' dir='ltr'><strong>si</strong></span> <span class='ocrx_word' id='word_1_116' title='bbox 1217 1010 1269 1045; x_wconf 86' lang='lat' dir='ltr'><strong>ita</strong></span> <span class='ocrx_word' id='word_1_117' title='bbox 1287 1013 1415 1052; x_wconf 86' lang='lat' dir='ltr'><strong>essent,</strong></span> <span class='ocrx_word' id='word_1_118' title='bbox 1441 1010 1595 1045; x_wconf 80' lang='lat' dir='ltr'><strong>Babrius</strong></span> 
     </span>
     <span class='ocr_line' id='line_1_15' title="bbox 225 1068 1595 1114; baseline 0.001 -10"><span class='ocrx_word' id='word_1_119' title='bbox 225 1070 395 1114; x_wconf 84' lang='lat' dir='ltr'><strong>apologos</strong></span> <span class='ocrx_word' id='word_1_120' title='bbox 420 1068 496 1105; x_wconf 87' lang='lat' dir='ltr'><strong>fere</strong></span> <span class='ocrx_word' id='word_1_121' title='bbox 521 1079 586 1114; x_wconf 89' lang='lat' dir='ltr'><strong>per</strong></span> <span class='ocrx_word' id='word_1_122' title='bbox 611 1069 764 1113; x_wconf 84' lang='lat' dir='ltr'><strong>triginta</strong></span> <span class='ocrx_word' id='word_1_123' title='bbox 790 1078 900 1104; x_wconf 86' lang='lat' dir='ltr'><strong>annos</strong></span> <span class='ocrx_word' id='word_1_124' title='bbox 925 1068 1102 1113; x_wconf 86' lang='lat' dir='ltr'><strong>repositos</strong></span> <span class='ocrx_word' id='word_1_125' title='bbox 1127 1078 1288 1105; x_wconf 87' lang='lat' dir='ltr'><strong>servasse</strong></span> <span class='ocrx_word' id='word_1_126' title='bbox 1319 1068 1498 1113; x_wconf 85' lang='lat' dir='ltr'><strong>putandus</strong></span> <span class='ocrx_word' id='word_1_127' title='bbox 1528 1072 1595 1105; x_wconf 84' lang='lat' dir='ltr'><strong>est.</strong></span> 
     </span>
     <span class='ocr_line' id='line_1_16' title="bbox 225 1128 1593 1174; baseline 0 -10"><span class='ocrx_word' id='word_1_128' title='bbox 225 1128 296 1164; x_wconf 84' lang='lat' dir='ltr'><strong>Sed</strong></span> <span class='ocrx_word' id='word_1_129' title='bbox 327 1139 395 1173; x_wconf 89' lang='lat' dir='ltr'><strong>quo</strong></span> <span class='ocrx_word' id='word_1_130' title='bbox 427 1129 573 1164; x_wconf 87' lang='lat' dir='ltr'><strong>consilio</strong></span> <span class='ocrx_word' id='word_1_131' title='bbox 604 1131 747 1164; x_wconf 64' lang='lat' dir='ltr'><strong>motus?</strong></span> <span class='ocrx_word' id='word_1_132' title='bbox 796 1128 890 1174; x_wconf 79' lang='lat' dir='ltr'><strong>Quia</strong></span> <span class='ocrx_word' id='word_1_133' title='bbox 922 1128 1065 1164; x_wconf 87' lang='lat' dir='ltr'><strong>fabulae</strong></span> <span class='ocrx_word' id='word_1_134' title='bbox 1098 1129 1251 1172; x_wconf 85' lang='lat' dir='ltr'><strong>egebant</strong></span> <span class='ocrx_word' id='word_1_135' title='bbox 1274 1128 1388 1163; x_wconf 65' lang='lat' dir='ltr'><strong>lima?</strong></span> <span class='ocrx_word' id='word_1_136' title='bbox 1437 1128 1593 1171; x_wconf 86' lang='lat' dir='ltr'><strong>Minime,</strong></span> 
     </span>
     <span class='ocr_line' id='line_1_17' title="bbox 225 1186 1499 1231; baseline -0.002 -8"><span class='ocrx_word' id='word_1_137' title='bbox 225 1198 304 1223; x_wconf 88' lang='lat' dir='ltr'><strong>cum</strong></span> <span class='ocrx_word' id='word_1_138' title='bbox 330 1192 406 1223; x_wconf 88' lang='lat' dir='ltr'><strong>toto</strong></span> <span class='ocrx_word' id='word_1_139' title='bbox 432 1188 556 1223; x_wconf 84' lang='lat' dir='ltr'><strong>Babrii</strong></span> <span class='ocrx_word' id='word_1_140' title='bbox 581 1188 748 1223; x_wconf 88' lang='lat' dir='ltr'><strong>thesauro</strong></span> <span class='ocrx_word' id='word_1_141' title='bbox 774 1188 861 1223; x_wconf 85' lang='lat' dir='ltr'><strong>insit</strong></span> <span class='ocrx_word' id='word_1_142' title='bbox 885 1197 976 1223; x_wconf 87' lang='lat' dir='ltr'><strong>unus</strong></span> <span class='ocrx_word' id='word_1_143' title='bbox 1001 1187 1162 1231; x_wconf 91' lang='lat' dir='ltr'><strong>idemque</strong></span> <span class='ocrx_word' id='word_1_144' title='bbox 1188 1187 1360 1223; x_wconf 86' lang='lat' dir='ltr'><strong>orationis</strong></span> <span class='ocrx_word' id='word_1_145' title='bbox 1385 1186 1499 1222; x_wconf 78' lang='lat' dir='ltr'><strong>stilus.</strong></span> 
     </span>
    </p>

    <p class='ocr_par' dir='ltr' id='par_1_4' title="bbox 223 1246 1595 1529">
     <span class='ocr_line' id='line_1_18' title="bbox 323 1246 1595 1292; baseline -0.002 -9"><span class='ocrx_word' id='word_1_146' title='bbox 323 1247 399 1291; x_wconf 83' lang='lat' dir='ltr'><strong>Qua</strong></span> <span class='ocrx_word' id='word_1_147' title='bbox 445 1257 485 1283; x_wconf 89' lang='lat' dir='ltr'><strong>re</strong></span> <span class='ocrx_word' id='word_1_148' title='bbox 524 1258 579 1283; x_wconf 89' lang='lat' dir='ltr'><strong>me</strong></span> <span class='ocrx_word' id='word_1_149' title='bbox 617 1247 734 1283; x_wconf 83' lang='lat' dir='ltr'><strong>iudice</strong></span> <span class='ocrx_word' id='word_1_150' title='bbox 775 1247 827 1283; x_wconf 86' lang='lat' dir='ltr'><strong>nil</strong></span> <span class='ocrx_word' id='word_1_151' title='bbox 868 1247 1032 1292; x_wconf 87' lang='lat' dir='ltr'><strong>impedit,</strong></span> <span class='ocrx_word' id='word_1_152' title='bbox 1075 1247 1260 1291; x_wconf 90' lang='lat' dir='ltr'><strong>quominus</strong></span> <span class='ocrx_word' id='word_1_153' title='bbox 1308 1246 1437 1283; x_wconf 86' lang='lat' dir='ltr'><strong>Carolo</strong></span> <span class='ocrx_word' id='word_1_154' title='bbox 1479 1246 1595 1282; x_wconf 82' lang='lat' dir='ltr'><strong>Lach-</strong></span> 
     </span>
     <span class='ocr_line' id='line_1_19' title="bbox 224 1305 1593 1352; baseline -0.001 -10"><span class='ocrx_word' id='word_1_155' title='bbox 224 1317 351 1342; x_wconf 87' lang='lat' dir='ltr'><strong>manno</strong></span> <span class='ocrx_word' id='word_1_156' title='bbox 376 1307 611 1352; x_wconf 82' lang='lat' dir='ltr'><strong>astipulantes</strong></span> <span class='ocrx_word' id='word_1_157' title='bbox 628 1307 801 1342; x_wconf 85' lang='lat' dir='ltr'><strong>Babrium</strong></span> <span class='ocrx_word' id='word_1_158' title='bbox 817 1306 979 1342; x_wconf 80' lang='lat' dir='ltr'><strong>floruisse</strong></span> <span class='ocrx_word' id='word_1_159' title='bbox 997 1317 1200 1342; x_wconf 87' lang='lat' dir='ltr'><strong>censeamus</strong></span> <span class='ocrx_word' id='word_1_160' title='bbox 1224 1307 1336 1351; x_wconf 89' lang='lat' dir='ltr'><strong>primo</strong></span> <span class='ocrx_word' id='word_1_161' title='bbox 1359 1310 1442 1351; x_wconf 85' lang='lat' dir='ltr'><strong>post</strong></span> <span class='ocrx_word' id='word_1_162' title='bbox 1458 1305 1541 1341; x_wconf 85' lang='lat' dir='ltr'>Chr.</span> <span class='ocrx_word' id='word_1_163' title='bbox 1559 1317 1593 1341; x_wconf 90' lang='lat' dir='ltr'><strong>n.</strong></span> 
     </span>
     <span class='ocr_line' id='line_1_20' title="bbox 223 1365 1595 1413; baseline -0.001 -11"><span class='ocrx_word' id='word_1_164' title='bbox 223 1366 364 1403; x_wconf 87' lang='lat' dir='ltr'><strong>saeculo</strong></span> <span class='ocrx_word' id='word_1_165' title='bbox 375 1367 414 1413; x_wconf 87' lang='lat'><strong>¹).</strong></span> <span class='ocrx_word' id='word_1_166' title='bbox 471 1366 643 1413; x_wconf 79' lang='lat' dir='ltr'><strong>Quisnam</strong></span> <span class='ocrx_word' id='word_1_167' title='bbox 670 1366 780 1402; x_wconf 84' lang='lat' dir='ltr'><strong>fuerit</strong></span> <span class='ocrx_word' id='word_1_168' title='bbox 805 1367 867 1403; x_wconf 89' lang='lat' dir='ltr'><strong>ille</strong></span> <span class='ocrx_word' id='word_1_169' title='bbox 892 1366 1116 1411; x_wconf 88' lang='lat' dir='ltr'><strong>Alexander,</strong></span> <span class='ocrx_word' id='word_1_170' title='bbox 1157 1376 1235 1402; x_wconf 84' lang='lat' dir='ltr'><strong>meo</strong></span> <span class='ocrx_word' id='word_1_171' title='bbox 1274 1366 1414 1411; x_wconf 84' lang='lat' dir='ltr'><strong>quidem</strong></span> <span class='ocrx_word' id='word_1_172' title='bbox 1446 1365 1595 1401; x_wconf 88' lang='lat' dir='ltr'><strong>arbitrio</strong></span> 
     </span>
     <span class='ocr_line' id='line_1_21' title="bbox 224 1425 1595 1471; baseline 0.001 -11"><span class='ocrx_word' id='word_1_173' title='bbox 224 1426 284 1461; x_wconf 84' lang='lat' dir='ltr'><strong>vix</strong></span> <span class='ocrx_word' id='word_1_174' title='bbox 315 1436 480 1470; x_wconf 87' lang='lat' dir='ltr'><strong>umquam</strong></span> <span class='ocrx_word' id='word_1_175' title='bbox 511 1430 610 1462; x_wconf 88' lang='lat' dir='ltr'><strong>certo</strong></span> <span class='ocrx_word' id='word_1_176' title='bbox 636 1427 770 1471; x_wconf 84' lang='lat' dir='ltr'><strong>poterit</strong></span> <span class='ocrx_word' id='word_1_177' title='bbox 796 1426 980 1471; x_wconf 84' lang='lat' dir='ltr'><strong>cognosci,</strong></span> <span class='ocrx_word' id='word_1_178' title='bbox 1020 1426 1086 1461; x_wconf 88' lang='lat' dir='ltr'><strong>nisi</strong></span> <span class='ocrx_word' id='word_1_179' title='bbox 1116 1427 1216 1462; x_wconf 84' lang='lat' dir='ltr'><strong>novis</strong></span> <span class='ocrx_word' id='word_1_180' title='bbox 1240 1426 1355 1461; x_wconf 87' lang='lat' dir='ltr'><strong>titulis</strong></span> <span class='ocrx_word' id='word_1_181' title='bbox 1379 1426 1534 1470; x_wconf 87' lang='lat' dir='ltr'><strong>repertis</strong></span> <span class='ocrx_word' id='word_1_182' title='bbox 1559 1425 1595 1461; x_wconf 92' lang='lat' dir='ltr'><strong>id</strong></span> 
     </span>
     <span class='ocr_line' id='line_1_22' title="bbox 223 1484 671 1529; baseline 0.004 -10"><span class='ocrx_word' id='word_1_183' title='bbox 223 1484 387 1529; x_wconf 86' lang='lat' dir='ltr'><strong>aenigma</strong></span> <span class='ocrx_word' id='word_1_184' title='bbox 412 1486 482 1522; x_wconf 88' lang='lat' dir='ltr'><strong>erit</strong></span> <span class='ocrx_word' id='word_1_185' title='bbox 506 1486 671 1522; x_wconf 89' lang='lat' dir='ltr'><strong>solutum.</strong></span> 
     </span>
    </p>
   </div>
   <div class='ocr_carea' id='block_1_3' title="bbox 224 1567 486 1574">
    <p class='ocr_par' dir='ltr' id='par_1_5' title="bbox 224 1567 486 1574">
     <span class='ocr_line' id='line_1_23' title="bbox 224 1567 486 1574; baseline 0 0"><span class='ocrx_word' id='word_1_186' title='bbox 224 1567 486 1574; x_wconf 95' lang='lat' dir='ltr'><strong> </strong></span> 
     </span>
    </p>
   </div>
   <div class='ocr_carea' id='block_1_4' title="bbox 222 1608 1596 1751">
    <p class='ocr_par' dir='ltr' id='par_1_6' title="bbox 222 1608 1596 1751">
     <span class='ocr_line' id='line_1_24' title="bbox 312 1608 1596 1653; baseline -0.001 -11"><span class='ocrx_word' id='word_1_187' title='bbox 312 1609 338 1649; x_wconf 85' lang='lat'><strong>¹)</strong></span> <span class='ocrx_word' id='word_1_188' title='bbox 362 1608 496 1642; x_wconf 83' lang='lat' dir='ltr'><strong>etiamsi</strong></span> <span class='ocrx_word' id='word_1_189' title='bbox 518 1618 573 1642; x_wconf 92' lang='lat' dir='ltr'><strong>me</strong></span> <span class='ocrx_word' id='word_1_190' title='bbox 595 1619 664 1643; x_wconf 91' lang='lat' dir='ltr'><strong>non</strong></span> <span class='ocrx_word' id='word_1_191' title='bbox 692 1608 782 1651; x_wconf 84' lang='lat' dir='ltr'><strong>fugit</strong></span> <span class='ocrx_word' id='word_1_192' title='bbox 811 1618 869 1643; x_wconf 90' lang='lat' dir='ltr'><strong>eos</strong></span> <span class='ocrx_word' id='word_1_193' title='bbox 897 1619 1032 1651; x_wconf 83' lang='lat' dir='ltr'><strong>versus,</strong></span> <span class='ocrx_word' id='word_1_194' title='bbox 1068 1609 1127 1653; x_wconf 77' lang='lat' dir='ltr'><strong>qui</strong></span> <span class='ocrx_word' id='word_1_195' title='bbox 1155 1609 1198 1643; x_wconf 87' lang='lat' dir='ltr'><strong>ab</strong></span> <span class='ocrx_word' id='word_1_196' title='bbox 1227 1608 1413 1652; x_wconf 89' lang='lat' dir='ltr'><strong>Apollonio</strong></span> <span class='ocrx_word' id='word_1_197' title='bbox 1439 1608 1596 1651; x_wconf 84' lang='lat' dir='ltr'><strong>sophista</strong></span> 
     </span>
     <span class='ocr_line' id='line_1_25' title="bbox 224 1662 1596 1707; baseline 0.001 -12"><span class='ocrx_word' id='word_1_198' title='bbox 224 1662 273 1703; x_wconf 92' lang='lat' dir='ltr'><strong>(in</strong></span> <span class='ocrx_word' id='word_1_199' title='bbox 288 1662 398 1697; x_wconf 86' lang='lat' dir='ltr'><strong>lexico</strong></span> <span class='ocrx_word' id='word_1_200' title='bbox 411 1663 593 1698; x_wconf 87' lang='lat' dir='ltr'><strong>Homerico</strong></span> <span class='ocrx_word' id='word_1_201' title='bbox 609 1674 643 1706; x_wconf 88' lang='lat' dir='ltr'><strong>p.</strong></span> <span class='ocrx_word' id='word_1_202' title='bbox 662 1665 713 1706; x_wconf 92' lang='lat'><strong>10,</strong></span> <span class='ocrx_word' id='word_1_203' title='bbox 729 1664 795 1706; x_wconf 85' lang='lat'><strong>13.)</strong></span> <span class='ocrx_word' id='word_1_204' title='bbox 809 1663 1002 1705; x_wconf 83' lang='lat' dir='ltr'><strong>traduntur,</strong></span> <span class='ocrx_word' id='word_1_205' title='bbox 1018 1664 1160 1707; x_wconf 89' lang='lat' dir='ltr'><strong>propter</strong></span> <span class='ocrx_word' id='word_1_206' title='bbox 1174 1663 1287 1697; x_wconf 82' lang='lat' dir='ltr'><strong>ultimi</strong></span> <span class='ocrx_word' id='word_1_207' title='bbox 1301 1663 1400 1706; x_wconf 89' lang='lat' dir='ltr'><strong>pedis</strong></span> <span class='ocrx_word' id='word_1_208' title='bbox 1415 1664 1596 1697; x_wconf 85' lang='lat' dir='ltr'><strong>accentum</strong></span> 
     </span>
     <span class='ocr_line' id='line_1_26' title="bbox 222 1716 770 1751; baseline 0.004 -3"><span class='ocrx_word' id='word_1_209' title='bbox 222 1725 244 1748; x_wconf 87' lang='lat' dir='ltr'><strong>a</strong></span> <span class='ocrx_word' id='word_1_210' title='bbox 263 1716 390 1750; x_wconf 83' lang='lat' dir='ltr'><strong>Babrio</strong></span> <span class='ocrx_word' id='word_1_211' title='bbox 413 1727 489 1751; x_wconf 82' lang='lat' dir='ltr'><strong>esse</strong></span> <span class='ocrx_word' id='word_1_212' title='bbox 512 1716 770 1751; x_wconf 85' lang='lat' dir='ltr'><strong>abiudicandos.</strong></span> 
     </span>
    </p>
   </div>
  </div>
 </body>
</html>
