1868 2981
826 216 1040 251 ...g-

344 319 411 354 Cui
438 319 526 354 talia
550 319 683 363 legenti
711 329 779 354 non
806 318 1015 354 Archilochi
1040 318 1129 354 illud
1154 319 1254 354 veuit
1279 319 1316 354 in
1342 318 1517 355 mentem?

508 378 593 425 ἐρέω
620 378 675 414 τιν’
703 378 777 424 ὑμῖν
804 377 904 421 αἶνον,
931 377 960 413 ὦ
986 376 1176 426 Κηρυκίδη,

556 438 728 486 ἀχνυμένη
754 438 913 485 σκυτάλη.

507 497 651 545 πίθηκος
675 496 730 545 ᾔει
754 497 882 545 θηρίων
908 497 1103 545 ἀποκριθείς

558 559 681 603 μοῦνος
706 557 753 593 ἀν’
781 557 946 606 ἐσχατιήν.

507 618 556 664 τῷ
582 619 610 653 δ’
639 616 687 665 ἆρ’
715 617 853 664 ἀλώπηξ
878 619 1025 665 κερδαλῆ
1052 618 1227 666 συνήντετο

557 677 680 712 πυκνὸν
706 678 831 725 ἔχουσα
856 677 943 712 νόον.

347 737 401 772 Ex
429 737 584 781 pedestri
609 740 729 772 autem
754 738 965 782 paraphrasi
991 738 1123 773 codicis
1148 736 1370 782 Augustani,
1405 748 1494 782 quae
1520 738 1616 783 apud

253 797 430 832 Halmium
456 807 531 833 nro.
555 798 613 833 43.
632 797 777 841 legitur,
804 797 1029 832 manifestum
1055 800 1109 832 est
1134 798 1250 842 prima
1266 798 1329 833 illa
1346 797 1473 833 Babrii
1488 799 1614 834 verba:

1011 857 1051 903 ἢν
1078 857 1158 904 ὁρᾷς
1184 857 1318 904 στήλην,

709 916 784 963 ἐμοὶ
809 915 945 964 πατρῴη
972 917 999 952 τ’
1018 916 1087 952 ἐστί
1111 921 1177 953 etc.

251 987 320 1011 non
348 977 463 1022 vulpis
489 987 565 1013 esse
590 977 653 1012 sed
678 978 781 1013 simii.
835 977 954 1023 Quare
980 977 1073 1013 idem
1101 988 1203 1013 error
1228 981 1265 1013 et
1289 978 1326 1014 in
1352 978 1474 1015 codice
1491 977 1615 1014 Athoo

251 1042 286 1071 et
313 1038 348 1071 111
367 1036 497 1072 Suidae
524 1038 718 1082 exemplari
743 1037 849 1073 fuisse
875 1037 1024 1073 videtur.
1069 1038 1381 1073 Hemistichiorum
1405 1039 1498 1073 enim
1515 1038 1616 1074 sedes

250 1107 294 1131 ea
318 1107 358 1131 re
384 1097 529 1132 turbata
555 1100 620 1136 est.
653 1097 747 1141 quod
777 1097 892 1141 prima
922 1097 1023 1132 tertii
1053 1107 1177 1133 versus
1208 1107 1307 1142 pars:
1340 1097 1452 1145 κερδὼ
1482 1097 1617 1146 πιθήκῳ

251 1156 347 1203 φησίν
386 1158 478 1193 male
516 1161 734 1202 transposita
772 1161 826 1193 est
856 1158 893 1193 in
927 1158 1076 1202 primum
1109 1158 1259 1193 stichum
1284 1159 1466 1202 primaque
1492 1162 1616 1194 contra

252 1217 357 1260 primi
395 1227 517 1252 versus
555 1228 640 1263 pars
678 1219 714 1253 iu
752 1218 897 1253 tertium
937 1218 1101 1253 stichum.
1152 1217 1208 1253 Ex
1239 1218 1305 1253 tali
1337 1221 1454 1254 autem
1479 1219 1617 1255 librarii

257 1279 431 1317 xxiusdam
457 1279 680 1323 negligentia
704 1279 741 1314 id
767 1279 906 1323 quidem
937 1280 1050 1315 conici
1081 1282 1216 1324 potest,
1257 1289 1336 1315 cum
1366 1279 1461 1315 idem
1479 1280 1617 1315 -vitium

252 1347 289 1377 et
327 1340 422 1385 apud
460 1339 607 1375 Suidam
618 1339 646 1384 ¹)
685 1343 722 1374 et
758 1339 795 1373 in
838 1339 958 1374 codice
997 1340 1039 1374 A.
1079 1339 1234 1383 legatur,
1267 1339 1450 1383 utriusque
1482 1343 1617 1375 textum

252 1410 413 1435 manasse
439 1410 483 1435 ex
509 1409 578 1435 uuo
606 1399 798 1443 eodemque
824 1399 1029 1443 archetypo,
1056 1398 1114 1442 qui
1140 1398 1312 1443 paulatim
1337 1402 1537 1444 temporum
1554 1400 1621 1434 ini·

252 1461 388 1504 quitate
415 1460 517 1495 foede
545 1460 709 1494 turbatus
735 1462 799 1494 est.
851 1459 977 1494 Babrii
1003 1458 1095 1493 enim
1112 1458 1255 1493 fabulae
1272 1459 1310 1493 in
1325 1459 1455 1494 scholis
1472 1459 1620 1494 multum

252 1522 367 1555 lectae
393 1524 501 1563 atque
528 1520 728 1564 explicatae
754 1530 820 1554 usu
847 1519 1027 1554 cotidiano
1055 1519 1306 1563 discipulorum
1330 1519 1384 1554 ita
1400 1519 1619 1560 terebantur,

253 1583 294 1615 ut
331 1581 441 1615 verba
466 1583 594 1624 poetae
632 1590 701 1614 non
739 1579 851 1614 solum
883 1578 1167 1623 corruptelarum
1198 1577 1361 1614 sordibus
1386 1577 1621 1621 abundarent,

254 1640 314 1676 sed
341 1641 447 1675 ctiam
475 1640 746 1675 decurtarentur
772 1642 809 1674 et
834 1638 1146 1683 interpolarentur.

352 1700 492 1742 Restat,
510 1705 551 1735 ut
567 1710 670 1744 quam
689 1700 896 1736 brevissime
913 1700 1144 1743 inquiramus,
1163 1703 1284 1734 utrum
1302 1709 1355 1741 ea,
1374 1709 1479 1743 quam
1496 1699 1622 1734 habuit

254 1760 398 1803 Sufflas,
430 1760 588 1796 recensio
621 1771 666 1795 an
693 1760 858 1795 Athoana
888 1760 925 1794 in
951 1758 1074 1794 Babrii
1106 1759 1266 1803 apologis
1296 1758 1488 1804 purgandis
1513 1769 1621 1803 prae-

254 1820 403 1856 ferenda
421 1821 478 1855 sit.
511 1820 555 1855 Id
569 1820 660 1855 enim
674 1820 822 1863 singulis
836 1820 1056 1864 argumentis
1074 1820 1303 1864 comprobare
1321 1829 1620 1864 supervacaneum

253 1879 397 1915 videtur
421 1878 569 1915 Suidam
602 1879 743 1914 fabulas
775 1879 898 1914 Babrii
930 1889 998 1914 non
1031 1889 1050 1914 e
1081 1879 1201 1914 codice
1232 1879 1349 1914 Athoo
1382 1878 1618 1923 descripsisse.

253 1939 375 1983 thue
402 1942 539 1975 certum
565 1938 631 1975 fiat
647 1939 817 1975 iudicium
835 1939 878 1974 de
895 1939 964 1974 fide
981 1939 1162 1983 utriusque
1180 1938 1407 1981 recensionis,
1434 1938 1621 1974 nonnullos

252 2000 348 2035 locos
366 2009 572 2044 comparare
589 2003 646 2034 sat
659 2002 725 2040 est,
743 1999 847 2041 unde,
865 1999 981 2034 utrius
993 1998 1100 2033 lectio
1114 1998 1161 2033 sit
1173 1998 1385 2043 recipienda,
1405 1997 1619 2043 appareat2).

348 2058 503 2103 Legitur
529 2063 667 2094 autem:

354 2121 384 2154 1.
413 2119 506 2164 apud
532 2118 677 2154 Suidam
705 2130 731 2154 s.
759 2129 790 2154 a.
819 2118 904 2165 ἀμᾷε

514 2180 570 2214 νῦν
596 2178 681 2214 ἐστιν
709 2178 824 2222 ὄντως,
853 2180 976 2219 παῖδες,
1005 2178 1045 2214 ἐκ
1069 2176 1183 2213 τόπων
1209 2176 1350 2224 φεύγειν,

514 2238 559 2275 ὅτ’
587 2238 684 2278 αὐτὸς
710 2239 781 2286 ἀμᾷ
807 2241 837 2275 κ’
867 2238 904 2274 οὔ
929 2238 1047 2285 φίλοισι
1071 2237 1223 2274 πιστεύει.

341 2320 368 2364 ¹)
391 2319 512 2364 Neque
541 2320 783 2363 negligendum
807 2321 872 2361 est,
903 2319 993 2364 quod
1017 2318 1278 2353 Rutherfordius
1302 2318 1466 2353 Suidiana
1487 2328 1556 2352 non
1579 2329 1621 2352 ex

254 2384 320 2408 uno
344 2374 533 2417 exemplari
555 2375 695 2408 fluxisse
717 2375 843 2418 posuit,
873 2384 942 2418 qua
965 2374 1007 2407 de
1029 2384 1067 2407 re
1089 2383 1159 2407 non
1180 2373 1290 2407 audeo
1312 2372 1425 2407 facere
1446 2372 1620 2415 iudicium,

252 2430 333 2473 quia
367 2430 489 2464 deesse
523 2430 659 2464 videtur
692 2431 786 2464 certa
815 2430 981 2473 firmaque
1010 2439 1140 2470 norma,
1170 2438 1238 2472 qua
1261 2428 1386 2463 Suidae
1410 2428 1622 2471 exemplaria

251 2484 425 2518 Babriana
445 2485 581 2528 possint
604 2485 747 2527 seiungi.

341 2540 366 2581 ²)
391 2538 431 2574 cf.
454 2539 557 2574 Babr.
581 2540 632 2574 ed.
656 2538 875 2574 Rutberford.
921 2538 1073 2574 London.
1101 2540 1193 2573 1883.
1238 2549 1271 2582 p.
1296 2540 1349 2573 53.
