1868 2981
838 181 1082 215 ..22—

273 283 400 319 fraude
417 283 552 319 Babrio
571 293 647 319 esse
673 283 893 327 suppositam
912 286 1089 319 censeant.
1133 283 1250 326 Quare
1276 282 1518 326 Hartungium
1544 284 1650 320 laudo

274 343 375 378 illum
400 343 517 377 locum
542 342 596 377 ita
624 346 836 378 vertentem:
893 342 981 384 „Mit
1000 343 1078 378 dem
1098 352 1138 377 er
1154 342 1300 377 manche
1319 340 1479 378 Stunden
1496 343 1650 379 traulich

275 403 508 438 hinbrachte“
521 401 560 448 ¹).

368 500 499 544 πνεῦμα
530 500 612 540 112,
641 499 677 533 8:

372 558 420 598 ὥς
452 572 518 605 μου
551 558 701 606 κατέλθῃ
734 557 850 605 πνεῦμ’
885 558 1022 605 ἀναλγὲς
1054 558 1099 598 εἰς
1123 558 1252 594 Ἅιδου·

368 620 500 664 πνεῦμα
525 629 591 662 pro
618 618 712 665 ψυχή
746 619 939 653 abhorrere
957 629 979 653 a
997 620 1212 654 Graecorum
1239 618 1494 653 consuetudine
1521 617 1649 653 Crusio

270 678 424 714 videtur.
477 677 613 714 Tamen
651 688 719 713 non
757 678 882 722 procul
922 678 1056 714 distant
1088 678 1210 722 Eurip.
1245 676 1367 723 Suppl.
1395 678 1484 714 533:
1517 676 1649 724 ἀπῆλθε

272 740 403 784 πνεῦμα
429 738 490 784 μὲν
516 738 598 784 πρὸς
617 738 746 784 αἰθέρα,
773 738 811 773 τὸ
838 740 938 783 σῶμα
956 738 1021 776 δ’ἐς
1046 741 1116 784 γῆν.
1158 738 1249 773 Hec.
1270 739 1358 773 571:
1386 737 1495 784 ἀφῆκε
1519 739 1649 783 πνεῦμα

270 797 447 844 θανασίμῳ
479 798 589 844 σφαγῇ
619 800 686 833 etc.

930 921 978 956 X.

367 991 540 1027 Videmus
566 992 787 1036 probandum
813 1002 883 1027 non
910 1002 999 1032 esse,
1029 992 1121 1036 quod
1140 991 1290 1027 Crusius
1321 992 1451 1027 conicit
1475 991 1647 1026 Babrium

269 1051 378 1086 fuisse
405 1051 579 1086 hominem
607 1051 818 1086 Romanum.
872 1050 943 1086 Sed
975 1061 1019 1086 ne
1054 1052 1133 1095 plus
1164 1052 1336 1095 temporis
1368 1061 1569 1087 consumam
1601 1051 1647 1086 ad

270 1111 361 1146 hanc
393 1112 604 1146 sententiam
637 1111 886 1152 refellendam,
926 1115 1080 1155 certum,
1118 1115 1159 1146 ut
1198 1112 1285 1146 mihi
1322 1112 1463 1155 quidem
1493 1112 1646 1152 videtur,

270 1170 417 1205 afferam
444 1175 710 1215 argumentum,
744 1172 838 1206 unde
864 1175 1038 1215 appareat
1062 1171 1235 1206 Babrium
1261 1182 1331 1206 non
1357 1172 1394 1206 in
1419 1171 1546 1211 Italia.
1585 1172 1647 1206 sed

268 1229 305 1263 in
333 1231 498 1275 Aegypto
526 1231 636 1266 vitam
663 1231 811 1274 degisse.
861 1230 975 1265 Extat
1013 1232 1106 1266 enim
1143 1231 1269 1266 Babrii
1311 1231 1537 1276 apologus2),
1578 1241 1645 1274 quo

269 1289 436 1332 Juppiter
454 1299 538 1324 aves
555 1300 768 1325 convocasse
785 1293 967 1332 narratur,
986 1294 1027 1325 ut
1044 1291 1197 1325 omnium
1216 1290 1474 1334 pulcherrimae
1487 1290 1647 1325 traderet

269 1358 430 1391 regnum.
483 1347 630 1384 Coracis
657 1352 794 1391 autem,
832 1359 923 1391 quae
961 1350 1085 1393 pennis
1118 1350 1162 1384 ab
1195 1350 1276 1384 aliis
1310 1350 1443 1394 ereptis
1474 1353 1647 1384 exornata

269 1409 508 1452 principatum
533 1409 724 1453 petiverat,
752 1409 833 1444 dolo
861 1410 1006 1452 cognito
1033 1409 1069 1443 hi
1097 1419 1220 1443 versus
1247 1419 1267 1443 a
1293 1412 1400 1452 poeta
1425 1409 1642 1444 adiciuntur:

533 1467 550 1502 ὁ
579 1466 662 1506 Ζεὺς
688 1468 716 1502 δ’
737 1467 878 1514 ἐθάμβει
904 1468 959 1504 καὶ
984 1469 1123 1515 παρεῖχε
1148 1468 1209 1514 τὴν
1235 1467 1339 1514 νίκην,

532 1527 560 1562 εἰ
586 1528 634 1573 μὴ
660 1527 804 1574 χελιδὼν
831 1527 940 1570 αὐτόν,
969 1528 1016 1566 ὡς
1037 1526 1216 1573 Ἀθηναίη,

527 1585 663 1633 ἤλεγξεν
691 1586 857 1621 ἑλκύσασα
882 1586 921 1621 τὸ
947 1587 1067 1634 πτερὸν
1094 1586 1223 1633 πρώτη.

528 1646 545 1680 ὁ
573 1644 599 1681 δ’
619 1644 707 1681 εἶπεν
734 1645 830 1693 αὐτῇ·
860 1646 930 1693 „ij
958 1660 1001 1692 με
1028 1646 1315 1693 συκοφαντήσῃς.“

525 1706 581 1740 τὸν
610 1705 636 1741 δ’
656 1705 720 1753 ἄρα
745 1705 876 1753 τρυγὼν
903 1705 1091 1753 ἐσπάρασσε
1117 1706 1173 1742 καὶ
1198 1705 1299 1753 κίχλη

527 1765 583 1801 καὶ
609 1765 705 1801 κίσσα
731 1765 786 1802 καὶ
812 1765 997 1812 κορυδαλὸς
1023 1765 1080 1801 οὑν
1105 1766 1221 1813 τάφοις
1246 1765 1363 1813 τρίζων

525 1826 578 1873 χὼ
606 1825 732 1872 νηπίων
759 1824 786 1860 δ’
806 1826 943 1873 ἔφεδρος
994 1825 1118 1872 ὀρνέων
1141 1825 1218 1872 ἴρηξ

528 1884 570 1919 τά
595 1885 623 1919 τ’
645 1883 718 1920 ἄλλ’
747 1884 883 1930 ὁμοίως.
911 1884 966 1920 καὶ
992 1885 1124 1923 κολοιὸς
1150 1884 1313 1931 ἐγνώσθη.

364 1944 492 1989 Quid?
543 1944 659 1986 Pavo,
694 1944 851 1979 Junonis
870 1944 1102 1980 celeberrima
1126 1945 1292 1987 volucris,
1319 1944 1513 1988 omittitur,
1554 1953 1643 1988 quae

263 2007 300 2039 et
326 2004 422 2048 apud
440 2003 601 2040 Graecos
621 2008 657 2040 et
675 2005 771 2049 apud
788 2004 971 2039 Romanos
988 2005 1174 2050 permagni
1192 2004 1475 2039 aestimabatur?
1513 2003 1641 2047 Itaque

262 2064 403 2099 omnino
434 2075 505 2100 non
536 2064 771 2099 dubitandum
803 2068 875 2106 est,
915 2065 1000 2108 quin
1030 2064 1204 2108 Babrius,
1242 2064 1273 2099 si
1310 2064 1346 2099 in
1372 2064 1482 2099 Italia
1512 2068 1575 2099 aut
1605 2065 1642 2099 in

262 2122 415 2159 Graecia
440 2123 633 2166 floruisset,
659 2124 726 2159 hoc
752 2124 830 2159 loco
857 2135 1030 2168 pavonem
1056 2125 1304 2159 nominaturus
1329 2124 1448 2159 fuerit.
1499 2123 1555 2159 Ex
1579 2124 1641 2159 illo

261 2186 380 2218 autem
412 2184 546 2219 Hehnii
583 2184 676 2219 libro
715 2184 1021 2229 praestantissimo
1033 2185 1082 2230 ³),
1122 2185 1182 2228 qui
1221 2184 1430 2219 inscribitur
1467 2184 1642 2228 „Kultur-

260 2241 424 2285 pflanzen
438 2243 510 2278 und
522 2243 753 2286 Haustiere‘·‚
767 2254 942 2288 pavonem
958 2244 1127 2279 discimus
1139 2244 1296 2287 ignotum
1310 2243 1419 2279 fuisse
1433 2242 1640 2288 Aegyptiis,

349 2371 374 2413 ι)
400 2371 442 2404 cf.
466 2371 567 2405 Babr.
593 2370 659 2406 fab.
688 2372 759 2413 115,
777 2373 807 2405 3.
834 2373 868 2405 et
892 2373 943 2405 30.

347 2426 372 2466 ²)
395 2435 469 2459 nro.
493 2427 546 2459 72.

346 2480 373 2522 ³)
396 2490 429 2523 p.
454 2481 529 2516 290.
