1868 2981
838 193 1081 228 -23-

275 307 368 343 unde
385 306 556 349 sequitur,
573 309 615 341 ut
626 306 782 342 Babrius
798 307 929 343 vixisse
945 306 1124 351 putandus
1141 307 1189 341 sit
1203 307 1240 341 in
1253 305 1437 351 Aegypto.
1472 305 1650 348 Iuvatque

273 365 429 403 Phaedri
454 366 611 402 fabulam
621 365 649 412 1)
682 366 726 402 de
758 366 897 402 cornice
928 366 1056 402 alienis
1087 366 1215 411 pennis
1241 368 1414 402 exornata
1440 373 1649 409 comparare

275 437 355 462 cum
379 426 441 461 illo
468 426 591 461 Babrii
616 427 765 470 apologo
791 436 904 469 neque
929 427 1058 461 mirum
1084 429 1155 467 est,
1197 426 1291 468 quod
1323 425 1418 469 apud
1443 424 1649 459 Phaedrum

276 485 445 529 graculus
462 484 634 529 superbus
651 494 786 528 pennas
801 485 943 528 pavoni,
970 495 1060 528 quae
1087 485 1303 529 deciderant,
1333 484 1496 526 sustulit;
1522 493 1648 527 nempe

276 544 479 581 Phaedrum
505 543 656 579 fabellas
689 544 938 588 conscripsisse
970 545 1103 580 Romae
1136 548 1286 580 constat.
1343 544 1481 589 Aesopi
1513 548 1648 588 autem,

276 604 337 647 qui
362 604 490 645 fertur,
517 603 639 637 fabula.
664 603 752 637 haec
777 606 849 637 est:
899 601 977 636 Τῶν
1003 603 1127 649 ὀρνέων
1154 603 1431 649 βουλευσαμένων
1458 603 1532 650 περὶ
1558 604 1648 648 βασι·

278 662 366 703 λείας
403 661 494 702 ταὼς
519 660 611 709 ἠξίου
638 661 755 697 ἑαυτὸν
780 661 1040 710 χειροτονεῖσθαι
1065 662 1199 709 βασιλέα
1225 662 1277 699 διὰ
1302 663 1340 699 τὸ
1366 661 1500 702 κάλλος.
1533 663 1647 708 ὁρμω-

276 723 386 769 μένων
419 722 456 757 δὲ
494 721 547 756 ἐπὶ
577 722 676 757 τοῦτο
713 723 780 756 τῶν
807 721 932 768 ὀρνέων
970 722 1102 760 κολοιὸς
1132 721 1232 757 εἶπεν·
1267 721 1360 764 »ἀλλ’
1387 722 1444 757 ἰὰν
1471 724 1530 757 σοῦ
1557 724 1647 768 βασι-

276 781 431 820 λεύοντος
457 780 475 816 ὁ
501 780 597 819 ἀετὸς
622 781 712 828 ἡμᾶς
737 780 855 828 διώκῃ,
883 782 954 820 πῶς
978 781 1057 827 ἡμῖν
1084 780 1316 828 ἐπαρκέσεις;“

373 841 541 877 Ceterum
573 851 643 876 non
682 841 931 886 opponendum
969 841 1127 884 videtur,
1169 841 1263 884 quod
1299 840 1369 876 fab.
1397 843 1455 877 65.
1495 852 1588 885 pavo
1627 851 1649 877 a

274 901 407 937 Babrio
446 901 595 944 citatur,
635 900 719 943 quia
750 910 830 935 eum
863 900 1051 944 apologum
1082 900 1237 943 spurium
1271 910 1347 934 esse
1373 900 1647 935 Rutherfordius

273 964 372 996 recte
410 961 564 1004 monuit,
604 970 717 1004 neque
755 960 905 995 multum
935 959 1161 995 tribuendum
1191 964 1247 995 est
1271 958 1403 994 Suidae
1433 960 1647 1003 testimonio,

274 1020 372 1055 cuius
390 1031 409 1055 e
428 1020 627 1064 fragmento
645 1021 709 1055 sub
735 1030 822 1056 voce
848 1018 987 1066 γέρανος
1012 1023 1169 1060 servato,
1195 1023 1366 1063 quantum
1393 1019 1502 1055 distet
1527 1019 1648 1054 fabula

274 1079 407 1121 Athoa‚
433 1079 670 1124 intelligatur,
696 1080 909 1124 praesertim
936 1090 1014 1115 cum
1040 1080 1112 1114 iam
1138 1089 1246 1124 supra
1272 1089 1343 1114 non
1369 1089 1489 1115 omnes
1506 1079 1648 1114 fabulas

275 1150 297 1174 a
323 1138 434 1175 Suida
460 1139 594 1175 Babrio
621 1139 781 1175 addictas
807 1150 885 1174 esse
911 1139 1084 1183 genuinas
1111 1140 1280 1175 certiores
1305 1139 1396 1174 facti
1421 1139 1540 1174 simus.

928 1285 994 1320 XI.

375 1366 481 1402 Nunc
515 1366 672 1402 breviter
705 1367 834 1409 dicam,
875 1366 959 1410 quid
990 1367 1076 1402 mihi
1108 1367 1273 1402 videatur
1299 1367 1342 1401 de
1368 1365 1492 1402 Babrii
1519 1370 1648 1401 aetate.

278 1426 336 1461 Ac
361 1426 514 1470 primum
540 1426 680 1469 quidem
706 1429 813 1470 poeta
836 1436 906 1461 non
932 1436 974 1461 eo
1000 1426 1117 1461 utitur
1142 1426 1283 1461 dicendi
1307 1436 1451 1469 genere,
1485 1430 1526 1460 ut
1551 1429 1649 1461 certo

277 1489 378 1521 aetas
408 1485 523 1529 possit
554 1485 805 1521 circumscribi.
856 1481 984 1529 Itaque
1014 1485 1251 1521 Zachariaeus
1283 1486 1321 1521 in
1352 1496 1430 1520 eam
1462 1485 1651 1520 adducitur

277 1545 504 1586 seutentiam,
545 1548 587 1579 ut
617 1545 693 1589 ipse
731 1544 954 1579 confiteatur:
1009 1545 1248 1588 „Quamquam
1279 1545 1392 1580 multa
1422 1545 1460 1579 in
1485 1545 1540 1579 his
1571 1544 1649 1589 (sel.

277 1603 416 1649 Babrii)
442 1604 573 1639 fabulis
598 1604 731 1644 insunt,
757 1614 848 1648 quae
873 1604 981 1639 etiam
1005 1605 1117 1639 serius
1134 1607 1273 1648 tempus
1291 1608 1500 1648 monstrant,
1528 1608 1650 1639 tamen

277 1674 329 1706 e0‚
361 1664 457 1707 quod
486 1664 558 1699 iam
583 1664 778 1699 Dositheus
803 1663 979 1708 Magister
1010 1667 1047 1699 et
1071 1664 1240 1700 Julianus
1264 1664 1438 1699 Babrium
1463 1668 1648 1705 noverunt,

275 1723 501 1767 impedimur,
540 1734 584 1758 ne
616 1733 695 1758 eum
726 1724 834 1758 tertio
865 1723 1005 1759 saeculo
1037 1724 1093 1759 vel
1123 1724 1250 1759 seriori
1275 1734 1363 1759 aevo
1391 1724 1644 1768 assignemus.“

275 1781 403 1826 Itaque
429 1793 472 1818 ex
496 1784 602 1818 rebus
626 1783 713 1828 ipsis
739 1783 883 1818 termini
915 1784 1047 1819 aetatis
1072 1783 1218 1824 Babrii,
1258 1787 1428 1827 quantum
1462 1794 1520 1819 res
1550 1784 1650 1828 ipsae

276 1841 463 1885 sufficiunt,
494 1843 702 1887 exquirendi
727 1843 902 1879 videntur.
953 1842 1012 1879 Ac
1037 1844 1190 1887 primum
1216 1844 1357 1887 quidem
1383 1844 1478 1879 haud
1504 1844 1647 1879 dubium

277 1905 342 1945 est,
375 1903 458 1947 quin
484 1902 640 1938 Babrius
666 1906 749 1938 ante
774 1902 994 1944 Dositheum‚
1028 1903 1089 1947 qui
1115 1902 1235 1939 floruit
1261 1904 1370 1939 tertio
1396 1907 1478 1948 post
1504 1903 1585 1939 Chr.
1613 1914 1648 1939 n.

276 1963 429 2005 saeculo,
455 1963 626 2007 apologos
650 1962 853 2005 confecerit,
881 1972 959 1998 cum
977 1963 1022 1998 ab
1041 1973 1083 1998 eo
1102 1963 1243 1999 citetur.
1295 1964 1465 1999 Kellerus
1474 1964 1503 2009 ²)
1528 1966 1648 1999 autem

274 2022 447 2057 Babrium
478 2022 553 2058 dies
583 2022 664 2057 illas
690 2023 911 2057 tristissimas
941 2023 1073 2058 vidisse
1103 2027 1230 2067 putat,
1270 2024 1397 2067 quibus
1421 2023 1648 2059 Achaeorum

275 2082 401 2117 foedus
425 2091 496 2118 una
522 2092 600 2117 cum
628 2083 783 2118 omnium
801 2082 1019 2118 Graecorum
1043 2082 1211 2118 libertate
1228 2083 1480 2127 gloriosissime
1498 2083 1644 2127 periret,

276 2151 354 2177 cum
391 2152 462 2177 non
499 2142 549 2177 sit
585 2142 832 2185 dubitandum,
873 2142 957 2186 quin
991 2143 1037 2178 ad
1069 2142 1133 2178 illa
1164 2146 1324 2188 tempora
1355 2143 1525 2188 respiciat
1561 2143 1649 2178 haec

276 2200 401 2237 Babrii
426 2201 600 2248 fabula³):

375 2259 480 2296 Κυσίν
505 2259 576 2296 ποτ’
604 2260 713 2309 ἔχθρα
738 2260 793 2296 καὶ
820 2259 931 2299 λύκοις
956 2260 1158 2307 συνειστήκει
1183 2264 1250 2297 etc.

365 2384 393 2425 ¹)
414 2384 481 2419 fab.
508 2386 537 2427 1,
560 2385 590 2418 3.

367 2440 394 2481 ²)
416 2438 534 2474 Fleck.
579 2438 698 2472 Jahrb.
722 2437 840 2481 Suppl.
864 2437 920 2471 IV.
944 2447 977 2481 p.
1001 2439 1076 2473 386.
1101 2447 1130 2472 e.
1153 2448 1180 2472 S.

365 2494 393 2537 ⁸)
415 2494 482 2528 fab.
507 2495 560 2528 85.
