1868 2981
812 198 1054 233 -17-

251 321 461 357 quamquam
500 311 568 347 duo
595 314 717 346 extant
756 312 916 356 exempla
946 312 1050 347 huius
1087 312 1179 355 legis
1210 312 1345 353 laesae,
1383 315 1505 347 tamen
1529 310 1618 345 mihi

251 371 392 416 quidem
416 370 511 405 haud
536 369 749 413 corrigenda
773 371 959 413 videntur,
997 372 1081 415 quia
1106 381 1149 406 ea
1181 371 1375 416 epimythia
1405 371 1482 406 sine
1508 370 1615 406 dubio

250 441 322 467 non
347 440 369 464 a
394 429 527 464 Babrio
551 428 714 474 profecta
738 433 830 473 sunt,
858 431 922 465 sed
946 430 991 466 ab
1018 431 1261 475 epitomatore‚
1295 431 1354 475 qui
1380 433 1518 466 tantam
1544 440 1616 465 me-

250 495 388 527 trorum
412 488 645 524 subtilitatem
669 489 799 524 leviter
824 490 982 526 curabat.
1483 504 1487 506 ·

347 549 540 593 Hipponax
566 548 711 584 circiter
735 549 965 593 quinquagies
990 550 1082 586 hanc
1106 551 1266 594 regulam
1293 551 1469 595 neglexit;
1496 554 1616 585 tamen

250 608 479 656 premendum
505 611 580 651 est,
619 608 712 652 quod
738 608 774 643 in
800 609 1031 653 amplioribus
1061 610 1137 645 eius
1161 610 1372 654 fragmentis
1381 610 1411 656 1)
1443 610 1533 645 haec
1558 610 1615 645 lex

250 671 393 705 servata
410 668 564 704 videtur.
592 666 757 703 Ananius
775 671 890 703 autem
908 672 1035 712 quater
1053 669 1192 715 (1024),
1210 669 1386 705 Aeschrio
1404 673 1460 705 ter
1478 669 1555 715 (12:
1566 669 1616 714 3),

249 728 410 764 Phoenix
427 727 613 770 quinquies
626 727 744 762 decies
761 727 923 772 (35:15),
941 728 1131 772 scriptores
1145 729 1438 772 epigrammatum
1453 728 1619 763 undecies

252 787 314 834 (47
329 798 336 819 :
356 786 427 832 11),
446 785 684 821 Callimachus
701 787 883 830 quinquies
906 787 1022 822 decies
1041 787 1105 833 (22
1122 798 1129 819 ι
1147 788 1206 833 15)
1231 798 1307 823 eam
1324 788 1515 824 laeserunt.
1551 787 1617 824 Vi-

250 847 371 883 demus
383 846 498 890 igitur
510 846 639 882 iterum
647 846 816 882 Babrium
830 857 901 882 non
914 857 1041 882 novam
1056 848 1277 891 excogitasse
1287 858 1456 892 normam,
1471 848 1533 884 sed
1546 848 1617 883 iam

250 909 356 942 antea
372 905 468 941 haud
492 906 654 950 ignotam
671 906 825 942 maxima
851 917 931 942 cum
957 907 1150 943 severitate
1167 907 1382 943 observasse.
1425 907 1502 943 Nec
1526 908 1618 942 mira

250 966 392 1002 videtur
429 966 518 1002 haec
548 967 692 1011 regula,
733 967 795 1002 sed
827 967 958 1002 hausta
983 977 1002 1002 e
1030 967 1304 1002 choliamborum
1341 970 1487 1009 natura,
1525 967 1618 1011 quod

252 1026 414 1061 consulto
452 1029 490 1060 et
527 1026 704 1061 violenter
741 1026 865 1062 ultimo
905 1036 1069 1062 versuum
1099 1026 1190 1070 pede
1227 1027 1373 1071 ponitur
1406 1037 1470 1070 pro
1501 1027 1617 1062 iambo

251 1085 438 1120 trochaeus
464 1085 695 1129 spondeusve‚
726 1095 795 1129 quo
821 1085 879 1128 fit,
917 1089 958 1121 ut
983 1088 1151 1121 accentus
1178 1095 1315 1129 quoque
1340 1085 1376 1120 in
1402 1085 1619 1129 paenultima

250 1144 388 1189 syllaba
413 1145 516 1188 quasi
533 1155 599 1180 sua
623 1148 749 1189 sponte
767 1145 937 1181 considat.
980 1144 1117 1180 Tamen
1142 1144 1178 1179 id
1196 1144 1336 1188 quidem
1361 1143 1620 1179 concedendum

250 1206 305 1238 est
325 1203 493 1239 Babrium
518 1207 622 1239 tanta
647 1204 759 1240 fuisse
784 1207 977 1239 metrorum
1003 1204 1194 1248 elegantia,
1221 1206 1262 1238 ut
1288 1213 1392 1247 quam
1418 1203 1620 1247 saepissime

249 1263 375 1307 pedum
394 1263 505 1298 ictum
530 1264 667 1299 faceret
684 1264 927 1299 concinentem
945 1273 1025 1298 cum
1042 1264 1229 1298 verborum
1248 1265 1412 1304 accentu;
1440 1272 1621 1306 compares

248 1323 354 1357 velim
379 1322 449 1357 iam
475 1323 609 1367 primos
634 1323 761 1358 Babrii
785 1332 923 1359 versus:

536 1392 640 1439 Γενεὴ
668 1392 803 1428 δικαίων
829 1392 869 1439 ἧν
895 1392 933 1428 τὸ
958 1393 1091 1439 πρῶτον
1118 1391 1318 1439 ἀνθρώπων,

536 1451 564 1486 ὦ
591 1450 727 1500 Βράγχε
752 1451 880 1494 τέκνον,
906 1451 946 1498 ἢν
972 1452 1109 1488 καλοῦσι
1133 1450 1303 1499 χρυσείην.

348 1522 420 1558 Sed
459 1534 536 1558 eam
562 1524 785 1559 concordiam
812 1523 908 1559 haud
941 1533 1022 1559 raro
1063 1524 1178 1559 inesse
1203 1523 1274 1558 iam
1305 1521 1559 1566 antiquissimis
1585 1525 1623 1556 et

251 1581 471 1618 Graecorum
504 1586 541 1618 et
566 1582 810 1618 Romanorum
843 1584 968 1619 iambis
994 1582 1202 1619 Oorssenius
1213 1582 1243 1628 ²)
1281 1581 1541 1627 comprobavit,
1582 1584 1622 1615 ut

249 1641 343 1687 apud
368 1641 555 1687 Aristoph.
582 1653 638 1679 av.
669 1644 717 1678 1.:

560 1701 664 1750 ὀρθὴν
691 1702 849 1746 κελεύεις,
875 1700 900 1750 ᾗ
925 1702 963 1738 τὸ
989 1701 1124 1750 δένδρον
1149 1701 1308 1749 φαίνεται.

248 1771 326 1796 ran.
356 1763 387 1797 2.
417 1765 464 1798 et.
492 1763 543 1797 3.:

610 1819 660 1868 ἐφ’
688 1820 735 1859 οἷς
760 1820 811 1856 ἀεὶ
836 1822 973 1866 γελῶσιν
1000 1820 1032 1855 οἱ
1056 1819 1235 1866 θεώμενοι,

610 1880 672 1916 οὐκ
698 1879 770 1917 οἷδ’.
797 1880 814 1915 ὁ
841 1881 869 1915 δ’
898 1879 992 1926 ὦμος
1018 1879 1128 1915 οὑτοσὶ
1154 1878 1308 1919 πιέζεται.

249 1952 287 1985 et
311 1950 406 1996 apud
431 1950 550 1987 Plaut.
577 1949 708 1996 Amph.
735 1951 824 1995 prol.
852 1952 927 1987 50.:

372 2032 464 2057 nunc
490 2032 595 2065 quam
620 2032 696 2057 rem
722 2025 886 2057 ornatam
912 2022 983 2057 huc
1007 2022 1099 2062 veni,
1129 2021 1281 2065 primum
1306 2019 1508 2065 proloquar,

371 2084 453 2125 post
477 2085 723 2125 argumentum
750 2081 854 2116 huius
880 2081 1028 2124 eloquar
1052 2079 1271 2124 tragoediae.

372 2141 464 2185 Quid
483 2141 710 2176 contraxistis
727 2140 906 2176 f1·ontem⁶.>
923 2140 1006 2183 quia
1023 2139 1246 2183 tragoediam
1263 2148 1292 2173 e.
1312 2147 1343 2175 c.

248 2201 284 2233 et
309 2198 440 2235 Catull.
467 2210 497 2235 c.
524 2201 574 2234 4.:

444 2258 618 2294 Phaselus
643 2259 716 2302 ille,
743 2268 845 2303 quem
870 2258 1011 2302 videtis,
1037 2257 1207 2301 hospites,

446 2319 498 2354 ait
523 2319 631 2354 fuisse
657 2318 799 2354 navium
824 2318 1029 2354 celerrimus
1054 2320 1121 2353 etc.

337 2416 362 2458 ¹)
386 2415 427 2449 cf.
451 2426 503 2449 nr.
527 2416 587 2456 343
612 2416 670 2455 57;
694 2416 751 2456 26;
775 2416 805 2448 6.

336 2471 363 2511 ²)
387 2470 607 2513 Aussprache
629 2470 700 2504 und
724 2469 934 2504 Vocalismus
959 2468 1020 2503 der
1042 2468 1100 2503 lat.
1125 2467 1274 2511 Sprache
1298 2477 1330 2510 p.
1353 2467 1428 2548 306.
1453 2467 1516 2500 etc.
