1868 2981
799 217 1015 250 -5-

791 319 865 356 ἀλλ’
891 319 957 367 ἐγὼ
982 318 1041 368 νέῃ
1068 318 1176 367 μούσῃ

534 379 654 425 δίδωμι
665 378 817 427 ,φαλάρφ
841 379 975 427 χρυσέῳ
999 379 1187 427 χαλινώσας

533 438 589 474 τὸν
615 437 803 485 μυθίαμβον
829 438 941 486 ὥσπερ
963 438 1063 475 ἵππον
1089 438 1235 485 ὁπλίτην.

324 533 382 568 Ac
405 534 504 567 recte
527 531 670 574 quidem
694 530 847 566 Babrius
878 534 991 566 artem
1022 542 1121 567 suam
1152 542 1228 568 esse
1259 542 1386 567 novam
1418 532 1589 576 declarat,

226 592 318 638 quod
334 592 468 637 primus
491 591 623 636 Aesopi
645 589 796 631 fabulas,
823 591 959 635 quibus,
982 595 1166 636 postquam
1191 592 1383 637 lyricorum
1400 596 1588 637 poetarum

225 656 386 689 veterum
411 651 569 687 carmina
592 650 808 693 defecerunt,
833 651 1025 695 praecipue
1043 655 1203 689 oratores
1219 653 1410 687 utebantur
1427 652 1473 687 ad
1489 653 1590 696 vulgi

225 713 382 747 favorem
399 711 467 746 sibi
485 709 751 753 conciliandum,
776 710 972 745 acerbitate
991 711 1212 754 antiquorum
1232 711 1458 756 apologorum
1475 712 1587 747 lenita

225 771 421 817 composuit
451 770 668 807 choliambis.
724 770 801 807 Nec
832 770 973 814 desunt,
1013 771 1074 814 qui
1104 770 1276 806 Babrium
1312 770 1474 807 floruisse
1505 774 1589 807 ante

225 830 479 867 Callimachum
520 828 803 865 Alexandrinum
845 830 1017 874 sentiant,
1068 839 1169 873 quem
1212 830 1419 866 choliambis
1461 830 1587 867 fecisse

225 892 394 937 apologos
424 901 525 926 nemo
556 893 673 935 neget.
725 888 796 925 Sed
827 889 919 925 iacet
950 890 1039 925 haec
1071 890 1204 935 opinio,
1245 890 1327 935 quia
1351 889 1589 927 Callimachus

225 951 375 987 fabeUas
391 960 461 985 non
477 953 519 985 ut
534 950 713 994 peculiare
726 950 842 994 poesis
858 960 972 994 genus
988 953 1133 993 tractat,
1151 950 1213 985 sed
1230 953 1388 985 veterum
1403 953 1588 995 poetarum

225 1021 322 1047 more
360 1010 574 1046 carminibus
604 1010 762 1046 innectit.
814 1009 847 1045 Ε
877 1009 1005 1045 Babrii
1043 1013 1160 1045 autem
1198 1010 1317 1046 verbis
1355 1010 1394 1046 ἐκ
1434 1010 1588 1057 δευτέρου

225 1070 323 1117 τήνδε
349 1070 458 1117 βίβλον
484 1065 585 1105 ἀείδω
612 1070 687 1105 sine
713 1070 818 1105 dubio
844 1073 986 1113 poetam
1008 1070 1075 1105 hoc
1093 1080 1180 1114 opus
1198 1069 1313 1105 denuo
1331 1073 1590 1114 pertractatum

226 1129 382 1166 emisisse
407 1133 565 1174 apparet.
617 1128 745 1173 Itaque
773 1128 810 1164 id
841 1129 981 1172 quidem
1013 1132 1176 1164 constare
1206 1129 1292 1164 mihi
1323 1128 1465 1164 videtur
1501 1129 1590 1164 duas

227 1200 248 1225 a
264 1192 370 1235 poeta
386 1189 616 1234 apologorum
633 1188 805 1224 editiones
823 1198 900 1224 esse
917 1191 1073 1234 paratas,
1099 1198 1247 1232 quarum
1273 1189 1453 1232 prooemia
1478 1199 1587 1233 usque

226 1250 272 1285 ad
302 1250 396 1285 hunc
427 1249 519 1285 diem
556 1249 698 1293 integra
729 1252 927 1293 supersunt.
979 1248 1061 1285 Non
1099 1249 1191 1284 enim
1228 1248 1317 1284 illud
1356 1248 1395 1285 ἐκ
1433 1248 1589 1296 δευτέρου

226 1309 323 1357 τήνδε
348 1309 459 1357 βίβλον
484 1309 585 1345 ἀείδω
611 1313 773 1355 spectare
798 1311 883 1347 mihi
908 1310 1051 1347 videtur
1076 1310 1122 1346 ad
1148 1320 1254 1346 unum
1278 1310 1438 1347 libellum
1461 1310 1589 1346 iterum

226 1370 458 1413 emendatum,
476 1370 539 1405 sed
559 1370 604 1405 ad
621 1373 734 1405 totum
749 1370 876 1406 Babrii
893 1371 1123 1415 apologorum
1141 1371 1358 1414 thesaurum,
1386 1381 1465 1406 cum
1482 1373 1590 1405 antea

226 1431 303 1475 ipse
327 1430 554 1475 profiteatur:

485 1522 529 1557 ὑπ
554 1522 637 1569 ἐμοῦ
664 1523 701 1558 δὲ
725 1523 860 1570 πρώτου
886 1525 945 1570 τῆς
969 1522 1076 1570 θύρης
1101 1522 1311 1570 ἀνοιχθείσης

485 1582 639 1630 εἰσῆλθον
665 1581 759 1619 ἄλλοι
784 1582 840 1620 καὶ
865 1582 1058 1630 σοφωτὲρης
1083 1582 1212 1630 μούσης

485 1642 608 1690 γρίφοις
633 1642 750 1689 ὁμοίας
775 1643 950 1691 ἐκφέρουσι
974 1643 1119 1690 ποιήσεις

485 1702 649 1749 μαθόντες
677 1702 772 1739 οὐδὲν
797 1705 909 1739 πλεῖον
934 1702 957 1751 ἢ
982 1702 1199 1750 γεγωνίσκειν.

228 1796 321 1831 unde
358 1796 535 1840 sequitur,
573 1801 615 1832 ut
639 1797 763 1832 Babrii
794 1796 1025 1841 apologorum
1053 1797 1124 1832 iam
1154 1797 1305 1841 primum
1332 1797 1507 1833 editorum
1532 1808 1590 1832 ex-

228 1855 368 1891 titerint
391 1856 598 1892 imitatores.
650 1856 742 1900 Quid
766 1856 972 1893 interfuerit
988 1856 1083 1892 inter
1098 1856 1225 1892 Babrii
1241 1857 1471 1902 exemplaria,
1499 1868 1592 1893 nunc

226 1915 367 1959 quidem
392 1916 480 1952 satis
504 1917 657 1962 perspici
681 1927 752 1952 non
776 1919 908 1961 potest,
933 1927 1012 1952 cum
1036 1916 1131 1952 haud
1156 1917 1348 1953 verisimile
1369 1918 1417 1953 sit
1438 1918 1590 1953 alterum

227 1976 323 2011 nullo
362 1980 460 2012 certo
499 1977 663 2021 consilio,
702 1977 855 2012 alterum
886 1977 1089 2012 litterarum
1120 1977 1242 2013 ordine
1267 1987 1344 2013 esse
1369 1977 1590 2022 dispositum,

228 2035 440 2072 Addendum
466 2039 531 2079 est,
557 2037 652 2082 quod
677 2036 802 2073 Babrii
827 2037 959 2081 fabula,
985 2047 1077 2082 quae
1102 2040 1265 2073 servatur
1289 2047 1311 2073 a
1335 2037 1464 2073 Tzetze
1476 2036 1523 2084 ¹),
1553 2037 1589 2073 in

228 2097 348 2133 codice
374 2097 502 2133 montis
528 2097 628 2133 Atho
652 2097 892 2140 desideratur,
931 2101 973 2133 ut
1002 2108 1045 2133 ea
1077 2102 1141 2133 aut
1171 2109 1216 2133 ex
1241 2108 1283 2133 eo
1309 2098 1490 2140 thesauro,
1530 2098 1592 2141 qui

227 2166 320 2192 nunc
344 2160 468 2199 restat,
495 2158 559 2192 sub
584 2157 708 2193 littera
731 2170 751 2203 γ
775 2157 947 2193 excidisse
974 2160 1036 2193 aut
1061 2168 1105 2193 ex
1129 2157 1248 2202 priore
1273 2156 1398 2192 Babrii
1423 2156 1590 2199 editione,

227 2218 325 2253 cuius
350 2219 423 2254 alia
448 2218 602 2262 vestigia
626 2217 701 2253 fere
724 2218 841 2254 omnia
863 2221 1090 2261 evanuerunt,
1118 2218 1246 2254 hausta
1263 2227 1339 2253 esse
1355 2217 1513 2262 putanda
1530 2217 1588 2252 sit.

318 2382 343 2423 ¹)
366 2381 500 2415 chiliad.
529 2383 577 2422 13,
594 2383 673 2416 255:

510 2457 645 2495 Γάλλοις
669 2458 815 2504 ἀγύρταις
839 2458 881 2495 ef:
905 2458 939 2491 τὸ
964 2457 1063 2491 κοινὸν
1088 2458 1209 2502 ἐπράθη

511 2512 580 2550 ὄνος
604 2523 651 2550 τις
674 2512 726 2545 οὐκ
749 2512 903 2558 εὔμοιρος,
930 2513 1010 2546 ἀλλὰ
1035 2513 1210 2557 δυσδαίμων
1235 2516 1299 2548 etc.
