1868 2981
271 306 304 341 h.
331 314 364 340 a.
392 304 426 346 7,
462 304 495 339 2.
522 314 557 348 p.
587 304 668 345 153,
695 304 750 344 13,
781 303 871 339 Luc.
896 312 972 339 var.
998 302 1081 339 hist.
1116 304 1147 346 1,
1174 304 1229 343 10,
1264 302 1409 347 Dionys.
1442 300 1563 336 Halic.
1596 299 1640 335 de

271 363 382 399 Thuc.
410 363 444 403 6,
470 362 665 398 Herodian.
695 363 728 404 8,
763 363 818 397 12.
847 363 880 404 7,
908 363 941 403 2,
968 362 1001 397 8.
1029 366 1065 397 et
1095 363 1149 398 10.
1201 361 1373 398 Videmus
1398 362 1512 405 igitur
1537 370 1639 396 usum

270 421 419 468 pluralis
444 420 517 457 ὗλαι
543 422 587 457 ab
613 420 811 457 Aristotele
835 421 911 457 fieri
937 421 1229 465 frequentiorem,
1263 422 1356 457 unde
1382 420 1543 457 concludi
1569 430 1639 456 non

271 484 388 528 potest
413 481 582 517 Babrium
609 480 763 525 pendere
789 490 832 516 ex
858 490 1020 516 sermone
1045 480 1298 518 Romanorum.

367 561 462 609 ἠιόνα
488 560 572 602 ξύων
599 562 633 603 6,
664 562 711 597 l.:

272 622 364 667 quod
390 621 517 657 Crusio
549 620 697 664 aliisque
728 620 943 655 simillimum
976 620 1030 655 illi
1055 620 1211 664 Vergilii
1243 620 1320 656 voci
1351 621 1458 655 litora
1490 620 1640 655 radendi

271 682 420 725 videtur,
447 683 585 715 tantum
608 681 719 723 abest,
745 683 787 715 ut
802 680 1002 724 profectum
1021 690 1096 715 esse
1113 690 1133 714 e
1149 680 1269 724 lingua
1285 680 1417 715 Latina
1436 680 1637 721 concedam,

272 745 311 776 ut
337 744 462 776 contra
486 739 695 775 vocabulum
721 749 798 775 esse
824 750 908 775 vere
926 738 1106 775 Graecum
1130 743 1251 784 putem
1277 749 1319 774 ex
1336 740 1553 783 piscatorum
1570 749 1637 774 usu

271 801 431 845 petitum,
458 802 498 834 ut
514 799 682 834 Britanni
708 798 752 834 de
778 799 975 835 everriculo
1001 798 1124 833 dicunt
1151 801 1210 840 „to
1236 798 1379 834 shave“.

271 860 438 896 Ceterum
456 859 614 894 Avianus
631 859 697 894 hos
715 859 854 903 apologi
870 859 1043 893 Babriani
1060 868 1183 894 versus
1209 858 1262 892 ita
1286 858 1446 893 imitatus
1472 861 1542 893 est:

515 918 677 954 Piscator
701 918 827 954 solitus
852 917 1020 963 praedam
1045 917 1259 962 suspendere
1286 920 1386 953 saeta

515 978 632 1022 exigui
657 978 765 1022 piscis
790 978 859 1014 vile
886 978 1050 1013 trahebat
1075 988 1174 1013 onus.

271 1041 306 1073 et
332 1038 456 1072 Babrii
488 1038 741 1082 paraphrasta:
786 1037 895 1075 ἁλιεὺς
926 1037 1042 1075 καθεὶς
1072 1037 1110 1072 τὸ
1143 1037 1273 1073 δίκτυον
1307 1036 1466 1083 ἀνήνεγκε
1499 1035 1640 1081 μαινίδα.

371 1118 501 1167 ἐπέχειν
529 1120 586 1159 26,
606 1119 637 1154 5.
667 1120 725 1161 50,
748 1119 807 1154 ll:

370 1179 525 1214 Babrius
556 1178 610 1213 bis
643 1178 789 1214 verbum
820 1178 951 1226 ἐπέχειν
982 1179 1132 1223 simplex
1170 1179 1224 1214 ita
1261 1179 1464 1223 usurpavit,
1503 1181 1543 1212 ut
1581 1177 1643 1212 alii

275 1238 441 1274 dixerunt
466 1237 642 1285 ὀφθαλμόν
668 1238 726 1274 vel
753 1237 896 1274 διάνοιαν
922 1238 980 1274 vel
1003 1237 1139 1285 γνώμην
1166 1237 1297 1286 ἐπέχειν
1321 1237 1391 1273 τινί.

368 1298 523 1334 Romani
548 1301 666 1334 autem
692 1298 811 1334 dicere
836 1299 966 1335 solent:
999 1299 1153 1333 animum
1184 1299 1372 1334 advertere
1402 1298 1459 1334 vel
1485 1297 1642 1333 animad-

273 1361 413 1393 vertere
452 1358 508 1395 vel
541 1358 727 1394 advertere
737 1358 776 1404 ¹).
827 1358 897 1394 Ille
929 1358 1052 1394 Babrii
1089 1368 1175 1394 usus
1212 1368 1281 1393 non
1313 1357 1534 1393 Graecorum
1566 1367 1643 1393 esse

271 1417 458 1453 videbatur
485 1417 622 1454 Orusio.
674 1417 745 1454 Sed
777 1418 901 1454 confer
925 1418 1100 1455 Herodot.
1134 1419 1167 1460 6,
1192 1419 1255 1454 96:
1295 1417 1348 1453 ἐπὶ
1372 1416 1477 1465 Νάξῳ
1509 1417 1643 1465 ἐπεῖχον

273 1475 509 1522 στρατεύεσθαι
532 1477 563 1512 οἱ
580 1476 702 1523 Πέρσαι
727 1480 763 1513 et
793 1478 822 1521 1,
847 1479 925 1514 153.
957 1479 1062 1521 1,80,
1089 1478 1249 1523 Thucyd.
1277 1479 1311 1520 2,
1331 1478 1393 1512 81:
1419 1476 1484 1512 οὔτ’
1503 1476 1645 1524 ἐπέσχον

271 1535 309 1570 τὸ
334 1535 558 1582 στρατόπεδον
584 1537 793 1583 καταλαβεῖν.

370 1617 540 1664 συνεζήκει
571 1619 649 1662 106,
681 1619 744 1653 1οε

371 1677 447 1712 cod.
473 1676 521 1712 A.
550 1677 707 1712 exhibet:
749 1676 824 1723 μεθ’
850 1676 890 1723 ἧς
915 1676 957 1712 τὰ
981 1677 1089 1712 πολλὰ
1115 1676 1275 1725 μειλίχως
1301 1676 1479 1723 συνεζήτει.

271 1735 409 1772 Iterum
425 1736 539 1781 igitur
556 1737 731 1772 incertum
751 1740 806 1773 est
822 1737 1101 1775 fundamentum.
1131 1736 1202 1773 Sed
1220 1737 1453 1773 concedamus
1471 1737 1583 1772 Babri
1610 1748 1643 1772 m

273 1796 456 1839 scripsisse
486 1795 667 1841 συνεζήκει.
719 1796 939 1841 Quamquam
970 1797 1037 1832 hoc
1067 1797 1145 1832 loco
1176 1799 1275 1843 συζῆν
1309 1806 1382 1832 non
1412 1796 1505 1831 idem
1535 1796 1563 1831 si
1618 1797 1644 1823 '-

271 1854 366 1900 ficat‚
393 1854 486 1899 quod
511 1856 727 1899 συνδειπνεῖν,
754 1855 816 1892 sed
846 1857 904 1903 ζῆν
935 1855 1021 1903 μετά
1046 1870 1142 1896 τινος.
1195 1856 1252 1893 De
1284 1858 1384 1904 συζῆν
1414 1856 1485 1892 iam
1517 1744 1868 1965 ᾳυξὲχβ

272 1916 414 1951 saeculo
441 1915 654 1951 creberrimo
681 1916 726 1952 cf.
751 1914 845 1954 Plat.
861 1917 970 1953 Polit.
997 1928 1031 1962 p.
1051 1918 1133 1953 302.
1153 1918 1198 1960 Β,
1223 1917 1326 1953 Dem.
1354 1929 1387 1963 p.
1416 1918 1499 1960 330,
1518 1918 1552 1953 2.
1577 1920 1645 1952 etc.

272 1974 425 2010 Aristot.
459 1975 530 2011 eth.
562 1977 597 2019 4,
627 1976 682 2011 12.
719 1976 777 2013 13.
810 1977 843 2017 8,
872 1977 904 2012 6.
937 1977 1029 2013 rhet.
1058 1978 1092 2020 2,
1122 1978 1177 2013 14.
1211 1981 1278 2013 etc.
1334 1977 1489 2012 Babrius
1526 1980 1645 2011 autem

272 2034 415 2070 adamat
445 2035 556 2071 verba
587 2045 667 2070 cum
700 2049 758 2071 συν
789 2036 1000 2081 composita,
1040 2040 1081 2072 ut
1106 2036 1273 2084 συγγέρων
1283 2037 1311 2083 ²)
1342 2037 1366 2072 i.
1393 2047 1423 2073 e.
1450 2035 1645 2071 senectutis

272 2094 398 2133 socius,
417 2093 522 2137 quod,
540 2094 579 2128 ni
595 2094 715 2136 fallor,
732 2104 755 2129 a
767 2094 902 2130 Babrio
920 2095 1100 2131 inventum
1119 2106 1140 2130 a
1157 2096 1255 2131 nullo
1272 2096 1341 2130 nisi
1358 2097 1402 2130 ab
1415 2095 1604 2130 Eustathio
1615 2095 1645 2139 ³)

271 2152 453 2197 recipitur.
496 2152 620 2196 Atque
637 2153 889 2198 seiungendum
906 2164 984 2190 esse
1002 2154 1168 2202 συγγέρων
1186 2166 1208 2190 a
1226 2154 1498 2190 consenescendi
1516 2154 1641 2190 simili-

272 2211 393 2247 tudine
410 2221 512 2247 nemo
531 2212 720 2258 negabit4).
764 2212 929 2248 Ceterum
948 2224 1017 2249 non
1036 2214 1173 2256 desunt,
1192 2214 1252 2257 qui
1269 2213 1426 2249 fabulam
1447 2214 1526 2249 106.
1550 2213 1645 2248 mala

360 2334 387 2375 ¹)
409 2333 452 2368 cf.
475 2333 542 2369 Cic.
566 2334 610 2368 ad
632 2333 711 2368 fam.
739 2338 767 2378 1,
787 2338 813 2369 1.
838 2337 901 2370 etc.

358 2388 385 2429 ²)
409 2388 477 2422 fab.
500 2390 553 2431 22,
577 2391 608 2423 7.

360 2442 386 2484 ³)
409 2453 444 2485 p.
467 2444 541 2484 306,
565 2445 617 2477 34.

360 2497 385 2537 ⁴)
409 2496 452 2530 de
474 2507 539 2530 usu
562 2497 732 2531 Babn‘ano
755 2498 1019 2540 praepositionis
1045 2498 1098 2530 σύν
1122 2498 1164 2532 cf.
1188 2498 1342 2532 Rutherf.
1367 2508 1399 2541 p.
1427 2500 1499 2533 183.
