1868 2981
805 179 1022 214 -4-

322 284 464 328 Quanta
495 283 661 319 dictionis
693 283 874 319 suavitate
899 283 1052 318 Babrius
1082 292 1167 318 usus
1197 282 1256 325 sit,
1287 282 1501 327 perspicitur
1525 282 1595 317 iam

226 355 270 380 ex
295 344 351 380 his
376 344 547 387 versibus,
573 343 702 388 quibus
724 343 906 380 fabulator
922 353 1021 379 more
1037 343 1151 389 patris
1167 342 1372 379 Branchum
1388 341 1596 388 discipulum

225 404 430 448 alloquitur.
505 404 618 439 Poeta
658 404 771 448 igitur
814 404 965 448 quinque
1006 404 1182 440 hominum
1224 406 1363 440 aetates
1403 405 1595 445 enumerat,

224 473 371 508 quarum
397 463 513 508 prima
538 463 675 499 cunetis
691 463 904 499 animalibus
921 466 1030 508 atque
1047 464 1153 500 rebus
1168 460 1334 499 inanimis
1356 471 1428 499 vox
1442 462 1598 498 humana

226 533 393 559 concessa
418 523 483 565 sit;
514 523 649 567 talique
674 522 814 559 ratione
839 523 1068 559 verisimilius
1092 523 1169 559 fore
1195 522 1417 558 audientibus
1441 521 1598 558 Babrius

223 585 358 628 sperat,
396 583 490 627 quod
519 583 655 619 bestiae
686 583 724 619 in
753 581 884 619 fabulis
914 586 1063 619 utuntur
1094 582 1274 619 hominum
1298 577 1469 618 sermone.
1519 578 1596 617 Ad·

225 643 392 678 hortatur
419 646 537 679 autem
562 653 723 687 puerum,
754 645 796 679 ut
829 643 956 679 harum
986 643 1188 679 fabularum
1217 651 1498 687 unamquamque
1523 649 1597 677 me-

225 702 360 738 moriae
390 702 547 744 mandet‚
585 703 798 746 praesertim
830 713 910 738 cum
942 712 1002 738 eas
1032 706 1141 747 poeta
1172 702 1353 738 suaviores
1382 701 1510 737 reddat
1534 710 1599 745 per

223 772 347 798 versus
374 762 624 798 eholiambieos
659 762 896 799 amaritudine
926 767 1106 806 vacantes,
1145 772 1216 807 qua
1245 760 1519 808 superfluebant,
1557 763 1599 796 ut

226 823 388 867 exemplo
419 826 513 865 utar,
546 821 759 858 Archilochi
790 821 954 859 fabellae.
1004 822 1132 859 Babrii
1157 822 1268 868 igitur
1294 821 1433 867 apologi
1456 831 1529 857 non
1553 820 1599 856 ad

224 882 451 919 adversarios
467 882 758 927 perstringendos
777 885 859 919 sunt
875 882 974 924 facti,
999 882 1063 919 sed
1080 882 1125 919 ad
1142 882 1301 919 homines
1318 884 1355 918 et
1371 879 1598 926 corrigendos

225 946 263 978 et
288 942 525 979 delectandos.

882 1025 945 1062 1V.

329 1096 506 1140 Legamus
525 1107 616 1131 nunc
634 1097 785 1131 alterum
799 1097 1030 1140 prooemium,
1049 1107 1117 1140 quo
1130 1096 1271 1131 initium
1284 1095 1326 1130 fit
1340 1095 1425 1130 libri
1438 1094 1596 1130 secundi:

490 1160 609 1200 Μῦθος
635 1161 707 1207 μέν,
736 1159 764 1196 ὦ
789 1162 851 1196 παῖ
873 1160 1032 1207 βασιλέως
1057 1159 1296 1207 Ἀλεξάνδρου,

486 1220 604 1269 Σύρων
629 1220 768 1257 παλαιόν
794 1220 879 1256 ἐστιν
907 1220 1019 1267 εῧρεμ’
1047 1219 1246 1268 ἀνθρώπων,

492 1281 525 1316 οἳ
547 1281 620 1329 πρίν
647 1280 717 1317 ποτ’
745 1280 828 1328 ἦσαν
855 1280 907 1316 ἐπὶ
932 1280 1035 1317 Νίνου
1060 1294 1098 1317 τε
1123 1280 1179 1317 καὶ
1204 1279 1332 1328 Βήλου·

494 1344 628 1389 πρῶτος
654 1341 700 1386 δέ,
728 1341 836 1389 φασίν,
864 1340 934 1377 εἶπε
959 1341 1066 1377 παισὶν
1088 1340 1263 1388 Ἑλλήνων

491 1402 648 1440 Αἴσωπος
673 1402 691 1437 ὁ
718 1402 829 1449 σοφός,
858 1401 929 1437 εἶπε
955 1401 1011 1438 καὶ
1035 1400 1237 1448 Λιβυστίνοις

492 1461 610 1508 λόγους
635 1460 812 1509 Κιβύσσης.
841 1460 912 1498 ἀλλ’
940 1461 1005 1507 ἐγὼ
1032 1461 1090 1509 νέῃ
1117 1460 1225 1509 μούσῃ

490 1521 610 1568 δίδωμι
635 1520 778 1568 φαλοίρῳ
803 1521 937 1569 χρυσέῳ
962 1521 1151 1569 χαλινώσας

491 1581 548 1617 τὸν
575 1580 765 1628 μυθίαμβον
793 1581 905 1629 ὥσπερ
927 1581 1028 1617 ἵππον
1054 1580 1200 1629 ὁπλίτην.

490 1640 545 1676 ὑπ’
574 1640 657 1686 ἐμοῦ
685 1641 722 1676 δὲ
748 1641 881 1687 πρώτου
908 1643 966 1688 τῆς
991 1640 1097 1687 θύρης
1122 1640 1332 1689 ἀνοιχθείσης

495 1700 650 1747 εἰσῆλθον
678 1699 771 1736 ἄλλοι
796 1700 852 1737 καὶ
877 1700 1071 1748 σοφωτέρης
1098 1699 1225 1747 μούσης

492 1760 616 1808 γρίφοις
642 1761 760 1807 ὁμοίας
787 1761 961 1809 ἐκφέρουσι
986 1761 1131 1808 ποιήσεις

493 1820 660 1865 μαθόντες
686 1820 784 1856 οὐδὲν
810 1823 923 1856 πλεῖον
949 1820 971 1867 ἢ
996 1821 1212 1866 γεγωνίσκειν.

495 1879 561 1926 ἐγὼ
588 1880 625 1915 δὲ
652 1880 758 1927 λευκῇ
784 1880 987 1927 μυθιάζομαι
1013 1880 1104 1927 ῥήσει

495 1939 551 1976 καὶ
575 1942 642 1975 τῶν
669 1938 798 1987 ἰάμβων
823 1940 900 1979 τοὺς
925 1939 1063 1979 ὀδόντας
1089 1940 1127 1976 οὐ
1152 1940 1258 1988 θήγω.

494 2000 568 2036 ἀλλ’
597 1999 633 2035 εὖ
660 2001 827 2047 πυρώσας,
856 2000 892 2036 εὖ
919 2001 955 2036 δὲ
981 2001 1101 2048 κέντρα
1126 1995 1273 2048 πρῃύνας

494 2059 533 2097 ἐκ
560 2059 719 2109 δευτέρου
746 2075 796 2097 σοι
821 2060 921 2108 τήνδε
948 2060 1057 2108 βίβλον
1083 2059 1195 2098 ἀείδω.

332 2127 434 2170 Quod
461 2127 582 2162 fabula
605 2126 778 2171 Syrorum
805 2128 1031 2170 antiquorum
1059 2128 1187 2162 dicitur
1211 2128 1405 2169 inventum,
1431 2129 1521 2171 sunt,
1548 2127 1608 2169 qui

228 2186 402 2222 Babrium
441 2186 550 2222 fuisse
590 2186 739 2222 credant
776 2187 921 2222 natione
955 2186 1092 2232 Syrum.
1144 2186 1392 2223 Lachmannus
1422 2188 1540 2222 autem
1570 2186 1606 2221 in

230 2245 358 2291 Syriae
385 2250 421 2281 et
446 2246 595 2282 Ciliciae
629 2247 789 2283 confiniis
815 2247 989 2282 Babrinm
1015 2247 1164 2282 fabellas
1188 2246 1389 2282 Alexandri
1412 2247 1486 2282 filio
1512 2256 1607 2281 com-

229 2306 389 2351 posuisse
416 2307 561 2343 conicit.
612 2307 760 2343 Initium
787 2317 871 2343 vero
895 2307 999 2342 huius
1018 2306 1192 2351 prooemii
1208 2302 1435 2343 memorabile
1452 2305 1606 2348 videtur,

230 2367 322 2410 quod
361 2368 427 2403 hoc
465 2368 543 2403 loco
580 2368 785 2404 coniectura
816 2368 857 2403 fit
888 2368 932 2403 de
965 2367 1095 2403 fabulis
1121 2379 1142 2402 a
1167 2367 1253 2403 viris
1279 2367 1427 2403 orientis
1451 2367 1537 2403 solis
1562 2360 1607 2402 ad

231 2426 391 2463 Graecos
417 2428 613 2463 translatis.
666 2429 766 2463 Tunc
800 2432 919 2463 autem
945 2428 1098 2462 Babrius
1135 2438 1226 2462 nova
1256 2437 1294 2463 se
1324 2437 1425 2463 musa
1453 2426 1606 2463 fabulam

229 2486 418 2523 iambicam
446 2498 575 2524 canere
603 2487 807 2523 confitetur:
