1868 2981
811 198 1054 233 -18-

337 300 490 338 Babrius
516 305 636 338 autem
661 302 719 337 his
749 302 910 338 versibus
935 302 988 337 ita
1018 302 1192 344 abundat,
1232 306 1274 338 ut
1299 304 1461 340 consulto
1487 304 1617 349 pedum

237 361 348 397 ictum
375 371 455 397 cum
480 362 668 397 verborum
695 365 845 398 accentu
871 362 1080 397 conexuisse
1105 362 1272 398 videatur
1284 362 1323 407 ¹).

336 432 436 468 Inter
452 431 583 468 Babrii
600 442 724 469 versus
741 432 847 476 1425,
876 433 936 477 qui
952 432 1055 468 nobis
1072 432 1198 468 traditi
1216 436 1310 475 sunt,
1337 432 1482 469 circiter
1498 433 1547 469 84
1563 433 1616 469 ita

237 492 398 536 percussi
424 495 522 534 sunt,
562 495 604 527 ut
629 492 758 536 pedum
784 492 878 528 ictus
916 495 1091 535 congruat
1129 502 1208 527 cum
1239 492 1427 527 verborum
1453 496 1614 529 accentu.

236 550 345 594 Apud
361 550 639 595 Hipponactem,
666 560 711 585 ex
728 560 797 594 quo
816 550 961 587 circiter
982 550 1051 586 150
1069 560 1194 587 versus
1210 553 1362 593 restant,
1381 551 1474 587 tales
1491 561 1615 588 versus

235 610 405 654 leguntur
430 613 566 655 septem
575 610 618 656 ²).
670 609 766 645 Utut
790 620 849 645 res
875 620 914 646 se
939 610 1064 653 habet,
1096 610 1134 645 id
1159 610 1301 654 quidem
1334 610 1532 655 negandum
1561 614 1616 647 est

234 669 363 705 Babrii
380 673 495 705 artem
512 670 697 706 metricam
715 670 917 714 comparari
934 680 1040 715 posse
1058 680 1135 705 cum
1153 670 1435 715 Byzantinorum
1452 670 1614 706 versibus

233 729 407 774 politicis,
447 729 508 773 qui
539 729 640 764 nulla
680 729 752 764 alia.
783 730 923 765 ratione
962 730 1213 766 contineantur
1250 740 1355 774 quam
1395 730 1614 775 syllabarum

232 799 392 826 numero.
443 790 580 834 Nempe
606 799 740 833 versus,
769 790 829 833 qui
861 792 1034 825 vocantur
1059 790 1213 833 politici,
1253 789 1439 825 duodecim
1465 790 1613 834 syllabis

235 848 421 893 compositi
447 852 541 891 sunt,
567 849 621 884 ita
638 851 769 891 tamen,
787 851 828 884 ut
851 849 1073 893 paenultima
1090 858 1250 893 quaeque
1266 849 1400 885 habeat
1417 851 1612 885 accentum.

234 908 381 945 Crusius
407 912 527 944 autem
554 909 751 955 dactylicos
777 909 857 945 illos
882 912 1026 954 poetas,
1061 919 1210 953 quorum
1236 912 1344 954 caput
1370 912 1424 945 est
1448 909 1610 950 Nonnus,

232 969 491 1012 comparandos
516 968 679 1012 adhibet,
720 979 799 1004 cum
825 968 976 1003 similem
1011 978 1175 1004 versuum
1202 968 1522 1004 concludendorum
1547 978 1611 1004 ra-

231 1027 364 1063 tionem
388 1027 502 1064 secuti
519 1028 589 1063 sint
608 1030 715 1072 atque
732 1027 896 1063 Babrius.
940 1028 1011 1063 Sed
1036 1028 1103 1064 hac
1120 1038 1163 1063 ex
1180 1038 1220 1063 re
1238 1028 1327 1063 nihil
1344 1028 1457 1064 conici
1481 1031 1611 1073 potest,

231 1097 310 1123 cum
337 1094 375 1123 et
389 1087 548 1124 ‘Crusius
574 1088 650 1132 ipse
675 1087 848 1123 Babrium
874 1097 897 1123 a
919 1087 954 1124 N
957 1098 1048 1123 onno
1075 1087 1244 1123 recedere
1270 1087 1490 1131 confiteatur,
1518 1088 1611 1132 quod

232 1145 311 1192 μέν,
340 1145 395 1189 δέ,
430 1145 510 1195 γάρ,
538 1147 629 1183 alias
658 1147 855 1191 particulas
881 1147 975 1193 apud
1004 1150 1130 1192 poetas
1160 1147 1371 1193 dactylicos,
1403 1148 1463 1192 qui
1488 1148 1610 1191 quinto

229 1211 311 1252 post
343 1207 426 1242 Chr.
467 1217 500 1241 n.
541 1208 684 1243 saeculo
723 1206 936 1251 floruerunt,
976 1208 1044 1243 hoc
1081 1208 1159 1243 loco
1197 1206 1502 1250 frequentissimas
1539 1218 1610 1243 non

228 1267 416 1302 admiserit
441 1267 477 1302 in
505 1267 639 1302 exitum
657 1270 694 1301 et
710 1267 875 1302 Nonnum
894 1266 1018 1302 Babrii
1036 1267 1178 1302 fabulas
1196 1267 1412 1302 hexametris
1429 1267 1609 1303 imitatum

228 1336 305 1361 esse
331 1327 428 1361 inter
454 1337 575 1362 omnes
601 1330 751 1362 constet.

327 1396 398 1432 Sed
437 1397 483 1432 ad
510 1397 600 1432 alias
626 1407 684 1432 res
722 1397 890 1432 metricas
921 1397 1170 1441 procedamus,
1212 1397 1305 1432 unde
1330 1396 1501 1432 Babrium
1539 1407 1609 1433 non

225 1457 481 1500 Romanorum,
509 1457 572 1493 sed
597 1457 819 1493 Graecorum
845 1457 1202 1502 choliambographos
1228 1457 1387 1501 quamvis
1414 1467 1479 1493 sua
1504 1467 1607 1493 usum

225 1517 364 1553 ratione
390 1517 593 1553 adhibuisse
620 1520 805 1562 appareat.

322 1588 381 1623 De
398 1588 635 1633 spondeorum
660 1597 728 1623 usu
755 1587 849 1632 apud
866 1587 1048 1623 Romanos
1074 1586 1222 1622 Caesius
1240 1586 1375 1623 Bassus
1394 1587 1483 1622 haec
1501 1586 1604 1622 dicit:

228 1648 309 1689 „hic
335 1658 463 1683 scazon
489 1648 663 1692 pessimus
690 1648 776 1690 erit,
816 1647 878 1692 pui
903 1648 1071 1683 habuerit
1103 1647 1212 1682 alium
1238 1647 1361 1691 quinto
1393 1647 1472 1682 loco
1498 1657 1605 1690 quam

223 1707 397 1750 iambum;
426 1717 494 1751 quo
513 1711 634 1742 tamen
659 1707 736 1742 sine
761 1707 932 1752 religione
957 1717 1040 1742 usus
1066 1710 1121 1742 est
1138 1707 1369 1751 Hipponax“;
1398 1716 1503 1750 quam
1528 1715 1605 1741 rem

222 1766 404 1802 Lucianus
433 1766 629 1803 Muellerus
656 1767 714 1813 (de
732 1778 771 1803 re
789 1770 891 1803 metr.
919 1770 1014 1811 poet.
1042 1767 1143 1803 latin.
1170 1777 1203 1811 p.
1235 1767 1334 1810 149.)
1360 1767 1413 1802 ita
1431 1767 1601 1811 explicat:

225 1827 300 1871 „[in
325 1827 570 1862 Romanorum
596 1827 834 1872 scazontibus]
867 1827 992 1862 ultimo
1019 1827 1175 1871 spondeo
1209 1826 1421 1862 antecedere
1447 1827 1603 1861 iambum

220 1886 279 1922 vel
305 1886 425 1930 pueris
451 1889 592 1929 notum,
618 1886 710 1922 hanc
735 1896 895 1922 normam
922 1886 1016 1931 apud
1046 1886 1196 1922 Latinos
1221 1886 1293 1921 iam
1318 1887 1363 1921 ab
1390 1886 1494 1922 initio
1520 1886 1603 1921 inde

219 1949 412 1982 servarunt
429 1945 595 1981 Catullus
614 1949 650 1981 et
675 1946 842 1989 aequales
866 1949 1026 1989 excepto,
1052 1949 1093 1980 ut
1116 1946 1269 1988 videtur,
1298 1946 1469 1981 Varrone.
1498 1955 1602 1990 prae-

219 2008 321 2040 terea
347 2005 477 2040 ultima
504 2008 625 2040 aetate
651 2005 804 2041 Boethio
830 2007 910 2049 post
936 2015 1046 2040 annos
1063 2003 1131 2040 DC
1156 2004 1396 2048 redintegrari
1423 2004 1600 2040 Varronis

217 2065 402 2100 licentiam
420 2067 495 2099 tam
522 2068 659 2100 certum
683 2075 789 2109 quam
815 2065 943 2100 mirum
960 2065 1051 2100 est.''
1095 2064 1252 2100 Babrius
1279 2068 1397 2099 autem
1420 2074 1491 2100 non
1516 2074 1600 2099 raro

218 2124 413 2169 spondeum
439 2125 477 2160 in
505 2125 627 2169 quinto
654 2125 745 2170 pede
771 2124 929 2171 habet³).

306 2293 331 2334 ²)
355 2291 396 2325 cf.
422 2294 453 2334 2,
471 2294 501 2327 6.
527 2294 559 2334 3,
579 2294 628 2327 10.
653 2294 683 2336 5,
702 2295 732 2327 6.
763 2295 793 2336 7,
811 2295 840 2327 6.
868 2296 918 2336 11,
934 2296 966 2328 4.
994 2297 1043 2335 11,
1063 2294 1092 2328 5.
1121 2295 1171 2336 12,
1187 2295 1216 2327 6.
1250 2296 1300 2335 14,
1318 2295 1348 2327 3.
1375 2294 1425 2335 15,
1441 2295 1471 2327 4.
1500 2295 1550 2335 17,
1567 2294 1597 2327 6.

220 2347 271 2388 18,
284 2348 313 2380 s.
341 2348 392 2388 19,
405 2349 435 2380 7.
459 2348 512 2389 29,
525 2350 555 2381 4.
580 2350 679 2389 31‚9.
703 2349 756 2389 32,
769 2350 799 2382 3.
824 2350 877 2390 33,
891 2350 943 2382 ⁴24.
968 2351 1065 2391 34,s.
1091 2349 1143 2390 34,
1157 2349 1187 2382 9.
1211 2350 1332 2391 34,11.
1357 2349 1476 2390 37,1o.
1501 2349 1553 2390 38,
1566 2348 1596 2381 5.

216 2401 269 2441 38,
286 2402 316 2433 6.
340 2401 395 2441 43,
410 2403 441 2433 4.
466 2403 520 2443 43,
538 2404 566 2435 6.
592 2412 621 2435 e.
645 2412 672 2435 c.

304 2455 329 2495 ²)
354 2454 395 2488 cf.
422 2458 451 2497 1,
468 2457 499 2490 3.
526 2457 576 2498 13,
593 2458 623 2490 2.
649 2458 702 2499 22,
719 2459 749 2491 6.
773 2459 827 2499 46,
844 2459 873 2492 3.
900 2459 953 2500 57,
969 2460 1000 2492 4.
1025 2459 1077 2500 58,
1097 2461 1124 2492 1.
1150 2458 1201 2491 85.

303 2509 326 2551 ³)
352 2508 394 2542 cf.
419 2512 471 2552 22,
489 2512 520 2545 9.
544 2512 597 2552 39,
612 2515 644 2544 4.
669 2514 722 2552 45,
739 2514 770 2545 3.
797 2514 849 2554 53,
866 2515 896 2545 4.
925 2515 977 2553 70,
995 2515 1025 2546 6.
1050 2514 1113 2545 etc.
