1868 2981
796 183 1033 221 „10-

487 288 525 323 ln
551 288 623 324 fab.
676 289 735 324 94.
763 285 929 333 πόματος
954 287 1085 332 legitur
1110 297 1174 333 pro
1200 285 1356 335 φάρυγος,

568 375 585 391 „
647 349 728 385 122.
756 347 921 395 ἀναιδείης
998 376 1016 394 „
1127 375 1143 389 „
1195 347 1298 395 ἀνίης,

673 408 731 446 32.
757 407 871 456 κλίνης
997 435 1013 450 „
1125 435 1142 451 „
1193 407 1318 455 κοίτης,

672 469 732 506 95.
758 466 884 517 σάρκας
998 496 1014 511 „
1125 496 1141 511 „
1194 469 1316 515 ἔγκατα
1341 478 1371 505 e.
1391 478 1419 506 c.

227 539 378 584 Talique
403 539 505 576 modo
531 540 743 576 fabellarum
769 539 855 576 ordo
881 539 920 575 in
945 539 1064 576 codice
1089 539 1156 582 A.,
1197 539 1258 584 qui
1287 539 1447 585 sequitur
1470 540 1597 577 seriem

227 600 445 643 litterarum,
470 610 541 636 non
568 611 589 636 a
613 600 748 636 Babrio
778 600 857 645 ipso
889 599 1074 645 profectus
1105 610 1182 636 esse
1218 599 1306 635 mihi
1343 600 1496 645 videtur,
1536 601 1598 637 sed

230 670 253 695 a
277 659 353 695 ludi
377 659 527 704 quodam
544 660 724 705 magistro,
752 659 813 704 qui
829 660 977 705 insuper
993 659 1089 695 haud
1106 669 1191 695 raro
1208 658 1369 705 apologis
1391 659 1597 697 stultissime

228 719 345 756 affixit
370 720 573 766 epimythia.

867 845 954 883 VH.

325 916 404 953 Iam
428 927 513 953 vero
539 917 750 953 accedamus
774 917 821 953 ad
846 917 954 953 aliam
978 927 1066 953 rem.
1110 918 1143 953 A
1160 917 1281 954 multis
1297 917 1387 954 enim
1405 917 1599 963 philologis

229 977 403 1013 Babrium
427 977 536 1013 fuisse
560 977 738 1013 hominem
762 977 963 1014 Romanum
989 977 1225 1020 contenditur,
1252 987 1342 1022 quae
1361 978 1478 1024 opinio
1496 988 1540 1015 ex
1557 987 1599 1014 ea

228 1047 267 1073 re
293 1040 375 1073 orta
400 1047 476 1076 esse
501 1037 587 1073 mihi
611 1037 766 1081 videtur,
793 1037 885 1081 quod
910 1037 947 1073 in
974 1037 1095 1073 codice
1119 1036 1167 1073 A.
1194 1038 1388 1074 invenitur:

459 1106 646 1155 Βαλεβρίου
673 1107 858 1156 μυθίαμβοι
883 1107 1061 1145 Αἰσώπειοι
1086 1108 1172 1145 κατὰ
1197 1110 1370 1157 στοιχεῖον·

459 1167 565 1216 στίχοι
589 1169 820 1217 χωλιαμβικοί.

233 1243 271 1276 et
295 1240 333 1275 in
347 1239 479 1286 ‚codice
503 1239 711 1285 Harleiano,
740 1240 800 1284 qui
824 1239 950 1276 Babrii
975 1240 1179 1276 fabularum
1205 1239 1449 1285 paraphrases,
1481 1243 1522 1276 ut
1546 1240 1601 1276 ita

230 1300 355 1344 dicam,
382 1301 548 1344 praebet:

1013 1357 1158 1407 Βαβρίου

410 1418 576 1467 Βαλερίου
602 1418 825 1467 χωριαμβικοὶ
850 1417 955 1467 στίχοι
980 1418 1021 1455 ἐκ
1044 1421 1111 1454 τῶν
1139 1418 1300 1455 Αἰσώπου
1326 1418 1455 1465 μύθων.

330 1480 450 1525 Quare
474 1479 577 1514 multi
602 1478 738 1514 inducti
763 1478 854 1514 alias
879 1481 1068 1523 praeterea
1094 1488 1228 1521 causas,
1255 1479 1299 1515 de
1327 1479 1453 1523 quibus
1477 1482 1601 1524 postea

233 1539 501 1584 disputabimus,
529 1539 760 1583 quaerebant,
786 1538 880 1574 unde
897 1538 1069 1574 Babrium
1087 1539 1197 1574 fuisse
1213 1538 1411 1575 Romanum
1436 1539 1601 1583 cognosci

230 1603 362 1644 posset.

330 1659 386 1694 Ac
411 1658 563 1703 primum
589 1657 731 1702 quidem
757 1667 776 1693 e
801 1658 958 1701 nomine,
993 1657 1085 1701 quod
1117 1657 1251 1702 legitur
1284 1658 1321 1692 in
1347 1657 1526 1693 codicibus
1550 1656 1597 1692 A.

233 1721 269 1754 et
293 1718 355 1761 H„
380 1718 590 1762 praesertim
617 1727 695 1752 cum
720 1727 743 1752 a
768 1717 898 1753 Tzetze
924 1717 1050 1752 Babrii
1082 1717 1139 1753 vel
1171 1717 1325 1753 Babriae
1362 1727 1489 1753 nomen
1526 1719 1600 1752 tra-

233 1777 350 1822 datur,
390 1777 484 1822 quod
520 1781 668 1822 propter
705 1780 856 1812 metrum
895 1777 1028 1820 corrigi
1059 1786 1130 1812 non
1161 1776 1284 1821 possit,
1323 1776 1413 1812 nihil
1440 1775 1601 1812 concludi

232 1847 336 1883 posse
379 1837 466 1873 mihi
508 1836 661 1873 videtur.
725 1836 816 1881 Quid
859 1837 953 1872 enim
996 1836 1150 1872 mirum?
1212 1836 1397 1872 Facillime
1445 1836 1538 1872 enim
1579 1847 1599 1873 e

232 1895 432 1933 ΒΑΒΡΙΟΥ
457 1896 536 1933 fieri
561 1899 704 1942 poterat
729 1894 977 1938 ΒΑΛΕΡΙΟΥ,
1010 1896 1103 1939 quod
1135 1896 1298 1931 mendum
1324 1907 1346 1932 a
1371 1896 1602 1941 manuscripti

231 1959 444 2000 correctore,
470 1960 512 1992 ut
537 1960 617 1992 erat
641 1967 727 2000 mos,
761 1957 814 1992 ita
839 1956 998 1992 videmus
1030 1956 1200 1998 deletum,
1238 1960 1279 1991 ut
1315 1966 1437 1992 verum
1474 1966 1600 1992 nomen

232 2016 378 2064 Βαβρίου
405 2027 514 2061 supra
539 2026 680 2052 versum
706 2016 876 2060 scriptum
902 2025 965 2050 suo
991 2015 1069 2050 loco
1088 2014 1337 2059 depelleretur.
1374 2015 1449 2059 Quo
1467 2015 1599 2051 factum

231 2080 298 2120 est,
323 2080 365 2113 ut
389 2079 515 2122 postea
544 2075 786 2121 appellaretur
811 2079 918 2120 poet-a
942 2074 1112 2112 Valerius
1137 2075 1298 2111 Babrius.
1350 2075 1517 2120 Quodque
1541 2086 1600 2112 ex-

231 2138 330 2172 hibet
360 2137 471 2173 codex
496 2136 715 2172 Harleianus
742 2134 919 2183 Βαλερίου,
952 2146 1022 2171 non
1049 2145 1125 2171 esse
1152 2135 1335 2171 Valerium
1361 2145 1381 2171 e
1406 2135 1525 2171 codice
1551 2135 1599 2171 A.

232 2197 350 2233 elucet
366 2196 560 2241 praebente
575 2194 771 2244 Βαλεβρίου,
786 2195 878 2240 quod
896 2199 1101 2241 corruptum
1116 2206 1193 2232 esse
1208 2206 1228 2231 e
1241 2193 1423 2243 Βαλε[ρίου
1437 2193 1600 2243 Βα]βρίου

230 2267 344 2301 neque
369 2256 554 2303 Orusius1)
581 2266 694 2300 neque
712 2256 985 2292 Rutherfordius
1011 2256 1097 2291 mihi
1123 2258 1387 2300 persuaserunt.
1432 2255 1492 2291 Ita
1509 2256 1601 2291 enim

230 2327 305 2353 rem
332 2316 558 2362 cogitandam
584 2327 660 2353 esse
686 2316 864 2352 censuisse
891 2316 1069 2360 videntur,
1095 2319 1136 2352 ut
1159 2326 1225 2362 per
1241 2316 1460 2362 syllabarum
1478 2316 1600 2352 simili-

234 2378 391 2413 tudinem
419 2377 589 2413 librarius
614 2377 727 2413 oculis
753 2377 922 2422 deceptus
947 2387 969 2412 a
994 2376 1082 2424 -ρίου
1109 2378 1294 2413 aberraret
1319 2376 1366 2412 ad
1390 2375 1509 2423 ·βρίου.

321 2503 346 2545 ¹)
370 2501 486 2546 Leipz.
509 2501 653 2536 Studien
679 2503 772 2536 1879.
812 2512 845 2544 p.
871 2502 944 2535 192.
