1868 2981
797 183 842 189 --
896 164 1041 199 27..

233 264 409 300 videatur.
452 264 614 308 Uterque
630 265 734 309 enim,
761 266 972 309 ubicumque
998 275 1041 301 ea
1059 265 1213 310 adhibet,
1241 266 1396 301 retrahit
1421 269 1605 301 accentum

233 323 270 359 in
295 323 446 368 primam
471 323 644 369 syllabam
670 328 820 369 excepto
846 335 1011 362 versuum
1035 325 1151 361 initio.

332 381 459 418 Caesio
484 383 598 419 Basso
623 387 715 419 teste
740 385 798 419 hic
823 394 950 421 scazon
975 385 1149 429 pessimus
1175 388 1244 430 est,
1278 386 1339 429 qui
1363 385 1472 420 habet
1498 384 1605 419 alium

234 442 355 486 quinto
380 442 460 478 loco
485 442 610 487 pedem
635 453 740 486 quam
764 444 937 487 iambum,
979 454 1047 488 quo
1074 448 1193 480 tamen
1219 445 1297 481 sine
1321 444 1497 489 religione
1522 454 1606 479 usus

235 505 290 536 est
313 501 520 546 Hipponax.
571 502 741 537 Babrium
766 506 884 538 autem
908 504 976 539 hoc
1000 504 1078 540 loco
1104 515 1174 540 non
1205 514 1289 539 raro
1320 503 1513 549 spondeum
1542 504 1604 539 ad-

233 560 371 596 misisse
396 560 468 597 iam
494 564 600 596 antea
625 566 936 598 commemoratum
970 565 1035 598 est.
1088 563 1192 608 Apud
1221 562 1404 599 Herodam
1435 572 1506 598 non
1535 563 1606 598 nisi

234 620 392 664 integros
417 630 541 656 versus
566 621 833 657 numerantibus
858 622 1003 657 circiter
1020 622 1128 658 vicies
1144 623 1182 658 in
1200 624 1322 666 quinto
1339 623 1430 667 pede
1448 623 1605 658 occurrit

235 679 425 724 spondeus,
467 683 509 715 ut
540 680 821 716 mimiamborum
846 684 952 726 poeta
984 681 1061 717 fere
1094 682 1223 726 ubique
1261 682 1481 718 notissimam
1506 682 1603 717 illam

234 748 393 774 normam
418 749 580 776 servasse
605 740 781 775 videatur.

330 798 570 835 Procedamus
607 809 700 835 nunc
738 799 784 835 ad
816 803 1087 845 anapaestorum
1119 811 1230 836 usum.
1282 800 1473 837 Invenitur
1511 800 1604 836 enim

234 858 328 903 apud
344 858 528 895 Herodam
554 860 669 904 prima
694 859 778 895 sede
804 861 936 904 septies
962 860 1006 896 cf.
1027 862 1063 901 4,
1082 861 1115 896 5.
1143 862 1178 903 4,
1198 862 1231 896 6.
1259 862 1293 903 4,
1313 861 1346 895 9.
1376 861 1409 904 5,
1432 862 1461 895 1.
1490 860 1524 901 5,
1547 860 1601 894 13.

235 917 269 959 5,
289 918 345 953 31.
376 919 409 961 7,
428 918 504 961 57.‚
532 919 684 954 secunda
710 920 819 954 semel
845 919 891 955 cf.
919 920 953 963 2,
973 920 1034 955 79:
1064 920 1102 955 σὺ
1128 919 1189 965 μὲν
1216 919 1292 958 ἴσως
1303 919 1342 964 ¹),
1369 919 1478 955 tertia
1503 928 1603 953 num-

233 988 348 1022 quam.
400 978 540 1024 Quarto
565 982 684 1015 autem
710 978 788 1015 loco
814 979 870 1015 bis
895 979 1052 1015 traditur
1077 983 1292 1024 anapaestus
1319 979 1364 1015 cf.
1393 979 1426 1021 6,
1446 979 1516 1023 55.,
1542 978 1603 1014 ubi

233 1048 303 1073 non
329 1040 512 1086 μακαρῖτις,
538 1039 599 1075 sed
625 1038 788 1086 μακάριος
813 1039 1039 1075 scribendum
1064 1029 1141 1075 esse
1169 1039 1316 1081 conicio,
1347 1042 1385 1074 et
1410 1039 1454 1074 cf.
1484 1039 1518 1081 2,
1538 1039 1600 1073 31:

233 1097 345 1137 πόλιος
383 1100 602 1145 καλυπτῆρες,
642 1099 703 1134 ubi
727 1099 871 1135 litterae
897 1099 907 1133 i
935 1099 1111 1134 tenuitate
1149 1099 1336 1135 exonerari
1373 1102 1602 1142 anapaestum

235 1161 399 1201 apparet,
440 1158 484 1193 cf.
512 1168 545 1193 v.
572 1160 607 1199 4,
627 1158 702 1201 72„
742 1159 804 1192 ubi
836 1158 959 1193 eadem
997 1158 1138 1193 ratione
1170 1161 1382 1201 anapaestus
1414 1158 1534 1201 quinto
1565 1158 1602 1191 in

232 1216 321 1261 pede
340 1217 537 1262 expeditur.
576 1217 636 1253 Ita
651 1217 703 1259 fit,
729 1221 770 1253 ut
785 1217 969 1253 Hei-odam
986 1218 1083 1253 nullo
1101 1218 1179 1253 loco
1198 1220 1408 1262 anapaestos
1424 1217 1603 1260 legitimos

233 1276 301 1312 sibi
327 1278 538 1313 concessisse
569 1280 735 1321 putemus
767 1278 836 1312 nisi
866 1277 981 1321 primo
1012 1281 1120 1320 atque
1158 1277 1322 1312 secundo.
1374 1276 1452 1313 Nec
1488 1276 1604 1311 minus

234 1345 356 1371 severe
395 1336 509 1371 utitur
546 1336 712 1372 Herodas
751 1336 913 1381 dactylis.
971 1336 1158 1380 Leguntur
1196 1336 1291 1371 enim
1328 1345 1498 1379 nusquam
1534 1335 1604 1370 nisi

233 1395 349 1440 prima
372 1395 455 1432 sede
481 1396 612 1442 (sexies
629 1396 762 1432 decies:
794 1397 825 1437 1,
846 1397 903 1432 33.
934 1397 967 1438 2,
987 1396 1045 1431 26.
1073 1396 1108 1439 2,
1126 1397 1186 1432 40.
1213 1396 1247 1438 2,
1265 1396 1324 1431 42.
1352 1396 1387 1438 2,
1405 1396 1464 1431 56.
1492 1395 1526 1437 2,
1545 1395 1603 1431 88.

235 1456 268 1496 3,
286 1455 345 1490 44.
373 1456 407 1497 3,
427 1456 486 1491 93.
512 1457 547 1498 4,
567 1456 624 1491 20.
652 1457 687 1498 4,
705 1456 764 1490 81.
792 1457 826 1498 4,
846 1456 904 1491 91.
931 1457 967 1498 4,
986 1456 1043 1491 93.
1071 1457 1105 1498 4,
1125 1456 1181 1490 94.
1212 1456 1246 1497 6,
1265 1455 1322 1490 57.
1343 1456 1377 1497 7,
1395 1455 1453 1490 58.
1481 1455 1516 1496 7,
1530 1454 1603 1498 61.)

234 1518 271 1550 et
287 1515 397 1551 tertia
423 1515 495 1562 (ter
513 1515 646 1551 decies:
678 1517 708 1558 1,
727 1516 761 1551 9.
793 1518 825 1559 1,
844 1516 901 1551 28.
933 1515 964 1557 1.
985 1516 1041 1551 30.
1070 1517 1104 1559 4,
1127 1516 1181 1551 19.
1211 1515 1245 1558 5,
1266 1516 1321 1551 53.
1352 1514 1386 1557 6,
1404 1514 1462 1550 24.
1491 1514 1525 1557 6,
1544 1513 1603 1550 67.

234 1575 267 1616 6,
287 1576 345 1611 74.
378 1576 412 1617 6,
431 1576 488 1610 92.
523 1576 555 1619 7,
575 1577 608 1611 5.
643 1576 677 1617 7,
696 1576 755 1610 60.
789 1575 823 1617 7,
845 1576 923 1610 128.
955 1576 987 1616 7,
1010 1574 1119 1620 129.).
1171 1574 1388 1618 Tribrachys
1414 1573 1604 1609 adhibetur

233 1634 346 1678 primo
372 1634 449 1670 loco
475 1637 547 1675 ter,
581 1634 734 1670 secundo
761 1637 817 1670 ter
843 1634 978 1677 decies,
1009 1633 1119 1669 tertio
1146 1633 1349 1678 quinquieS,
1382 1636 1509 1677 quarto
1535 1635 1600 1667 ter.

322 1764 348 1805 ¹)
370 1763 475 1806 Apud
497 1762 672 1797 Herodam
694 1772 830 1806 semper
852 1762 1071 1797 scribendum
1086 1771 1163 1796 esse
1175 1756 1257 1804 ἶσος,
1279 1771 1349 1795 non
1363 1760 1430 1798 ἴσος
1447 1771 1489 1795 ex
1505 1760 1603 1795 Jadis

232 1827 354 1851 norma
387 1819 484 1861 patet
512 1819 547 1851 et
575 1817 798 1851 confirmatur
829 1827 860 1850 v.
888 1820 916 1858 1,
933 1818 986 1851 53.
1021 1816 1062 1850 cf.
1098 1818 1130 1859 2,
1146 1817 1198 1850 32.
1234 1817 1265 1858 2,
1281 1817 1334 1850 79.
1368 1817 1399 1857 3,
1417 1817 1468 1849 93.
1504 1817 1535 1857 7,
1552 1816 1603 1848 27.

231 1871 411 1905 Accedunt
433 1871 500 1904 duo
528 1881 664 1912 versus,
699 1871 824 1914 quibus
852 1870 961 1904 altera
983 1870 1065 1904 sede
1087 1871 1313 1913 anapaestum
1340 1870 1454 1903 inesse
1488 1869 1603 1903 verisi-

233 1925 411 1959 millimum
434 1926 490 1967 sit,
513 1935 591 1959 cum
612 1925 796 1968 legendum
818 1925 990 1958 videatur:

322 1982 404 2022 3‚7:
439 1980 516 2012 δ’ἔτι
539 1979 569 2012 αἱ
592 1979 801 2024 dormant,
834 1975 1015 2023 Λαμπρίσκε
1045 1998 1086 2004 -
1118 1982 1281 2023 συμφορῆς
1310 1977 1402 2022 δ’ἦδη
1427 1979 1491 2011 etc.
1515 1979 1549 2010 et

320 2040 351 2082 3,
372 2041 439 2082 192,
463 2038 493 2072 αἱ
517 2025 699 2085 waliae<
723 2038 756 2072 δέ
780 2040 844 2074 etc.
