1868 2981
829 193 1047 228 -2—

346 296 404 332 De
418 294 561 338 Babrio,
579 296 741 341 principe
754 296 986 341 apologorum
1002 299 1121 341 poeta,
1140 296 1193 332 ita
1210 296 1344 333 distant
1360 297 1620 343 philologorum

248 357 459 399 sententiae,
487 359 528 392 ut
551 356 646 392 haud
671 356 809 392 inutilis
835 366 912 393 esse
937 357 1025 391 haec
1051 356 1255 392 dissertatio
1278 356 1452 403 videatur,
1479 359 1619 395 etiamsi

246 422 320 452 tam
347 416 492 453 difficile
519 427 608 461 opus
633 426 689 453 me
714 416 910 461 suscepisse
936 426 991 452 me
1017 426 1086 451 non
1111 416 1214 461 fugit.
1241 419 1282 452 ut
1298 416 1452 460 timeam,
1477 428 1522 455 ne
1547 428 1618 456 non

247 477 428 513 sufficiant
452 476 549 512 vires
573 486 674 512 meae
699 476 745 512 ad
771 476 996 520 quaestiones
1021 476 1283 521 persolvendas.

914 602 945 638 I.

343 673 538 718 Postquam
575 673 670 709 haud
708 673 859 718 exiguus
891 673 1015 709 Babrii
1053 673 1284 718 apologorum
1322 683 1488 709 numerus
1525 685 1617 711 anno

244 734 429 770 millesimo
455 734 748 779 octingentesimo
774 734 1046 779 quadragesimo
1072 744 1094 770 a
1110 733 1268 770 Minoide
1286 744 1330 770 ex
1356 735 1476 770 codice
1492 734 1616 771 Athoo

243 794 280 830 in
305 794 421 831 lucem
447 794 610 839 prolatus
636 797 702 838 est,
729 794 959 830 illustrissimi
984 794 1256 839 philologorum‚
1288 797 1330 830 ut
1353 794 1614 837 Lachmannus‚

243 854 433 899 Bergkius,
460 854 760 899 Schneidewinus,
789 854 946 896 Crusius,
973 855 1038 890 alii
1061 864 1195 890 summo
1214 865 1293 890 cum
1311 854 1438 891 ardore
1463 855 1616 891 multum

243 924 376 959 operae
414 915 616 959 laborisque
657 915 695 950 in
732 915 903 950 Babrium
942 915 1136 951 contulere.
1191 914 1330 950 Extant
1366 918 1485 951 autem
1522 925 1616 952 nunc

242 975 385 1019 quidem
425 975 492 1011 duo
531 975 616 1011 libri
647 975 753 1011 huius
783 975 996 1011 fabulatoris
1027 978 1167 1010 centum
1192 975 1323 1019 viginti
1348 977 1421 1011 tres
1447 975 1616 1020 apologos

242 1035 465 1070 continentes
489 1035 688 1070 litterarum
717 1035 840 1070 ordine
866 1035 1066 1080 dispositos.
1118 1034 1219 1078 Quod
1245 1034 1429 1070 mutilatus
1454 1038 1510 1070 est
1525 1035 1618 1071 alter

242 1095 395 1140 libellus,
424 1106 503 1131 cum
530 1095 777 1132 desiderentur
793 1095 937 1131 fabulae
955 1095 1027 1130 iam
1044 1098 1125 1139 post
1141 1095 1299 1130 litteram
1315 1105 1348 1138 o,
1374 1094 1478 1131 valde
1494 1094 1615 1140 lugen-

242 1156 324 1191 dum
350 1159 414 1192 est.
466 1156 594 1192 Liceat
625 1159 744 1191 autem
775 1156 846 1190 iam
876 1156 944 1191 hoc
975 1156 1064 1197 loco,
1104 1155 1310 1200 priusquam
1348 1165 1455 1200 porro
1492 1165 1615 1199 proce-

242 1216 378 1259 damus,
405 1215 535 1252 Suidae
561 1217 800 1252 testimonium
826 1215 972 1252 afferre:

339 1277 485 1324 Βαβρίας
518 1277 540 1324 ἢ
567 1276 720 1324 Βοίβριος·
755 1276 883 1322 μύθους
914 1276 987 1323 ἤτοι
1020 1274 1239 1321 μυθιοίμβους.
1292 1275 1351 1311 εἰσὶ
1381 1276 1441 1322 γὰρ
1469 1275 1520 1311 διὰ
1544 1289 1615 1323 χω-

243 1335 392 1384 λιοὶμβων
419 1337 454 1372 ἐν
480 1337 612 1384 βιβλίοις
638 1336 666 1373 ι’.
720 1337 816 1377 οὗτος
844 1338 883 1374 ἐκ
908 1340 975 1374 τῶν
1003 1334 1197 1371 Αἰσωπείων
1215 1334 1334 1381 μύθων
1352 1335 1533 1383 μετέβαλεν
1551 1335 1616 1372 ἀπὸ

241 1400 301 1444 τῆς
328 1397 438 1433 αὐτῶν
465 1397 652 1443 λογοποιίας
678 1398 723 1438 εἰς
749 1400 910 1446 ἔμμετρα,
937 1398 1038 1446 ἤγουν
1065 1399 1102 1434 δὲ
1127 1396 1355 1446 χωλιοίμβους.

339 1457 502 1494 Avianus
513 1459 539 1505 ¹)
567 1459 663 1502 dicit,
691 1460 752 1503 qui
777 1458 938 1495 floruisse
963 1459 1105 1494 videtur
1127 1462 1276 1494 exeunte
1301 1458 1443 1494 saeculo
1471 1460 1612 1502 quarto:

242 1518 406 1560 „fabulas
429 1518 567 1563 Aesopi
593 1547 600 1555 .
622 1548 629 1555 .
651 1548 671 1561 .‚
699 1530 787 1563 quas
805 1518 955 1555 Graecis
979 1520 1104 1555 iambis
1122 1519 1273 1554 Babrius
1297 1522 1460 1564 repetens
1485 1518 1523 1554 in
1549 1518 1616 1554 duo

241 1579 421 1614 volumina
447 1579 657 1615 coartavit.“
711 1580 837 1614 Babrii
876 1583 994 1615 autem
1034 1579 1222 1624 apologos,
1265 1582 1306 1614 ut
1345 1589 1436 1614 nunc
1475 1578 1615 1622 quidem

239 1638 417 1684 leguntur,
458 1640 662 1676 litterarum
694 1640 820 1675 seriem
853 1640 953 1683 sequi
984 1640 1054 1675 iam
1081 1644 1186 1675 antea
1211 1642 1521 1675 commemoratum
1547 1642 1610 1675 est.

239 1699 397 1734 Putasne
430 1700 599 1735 Babrium
632 1700 802 1745 apologos
841 1700 893 1734 ita
931 1700 1180 1744 composuisse,
1220 1703 1260 1734 ut
1298 1700 1334 1734 in
1372 1698 1611 1743 excogitandis

241 1759 383 1795 fabellis
402 1763 464 1794 aut
480 1760 742 1795 conscribendis
760 1763 968 1803 sequeretur
985 1763 1058 1794 tam
1075 1759 1264 1794 ridiculum
1282 1759 1467 1794 consilium
1494 1758 1611 1803 apolo-

238 1829 365 1863 gorum
383 1820 705 1855 conserendorum?
739 1819 857 1862 Adde,
876 1819 968 1863 quod
985 1819 1021 1854 in
1039 1818 1221 1863 florilegiis
1240 1819 1366 1854 saltem
1384 1818 1470 1854 ordo
1487 1818 1609 1863 alpha-

240 1880 376 1915 beticus
402 1880 461 1914 vix
487 1883 570 1914 ante
587 1880 868 1924 Byzantinorum
891 1883 1053 1924 tempora
1074 1878 1301 1924 reperitur2).
1353 1878 1509 1914 Putasne
1533 1877 1611 1913 fieri

238 1939 405 1984 potuisse,
434 1942 474 1974 ut
491 1939 658 1982 Babrius,
688 1940 747 1983 qui
771 1939 909 1975 fabulas
936 1940 1142 1983 composuit,
1170 1942 1211 1974 ut
1233 1938 1286 1974 ita
1303 1938 1426 1981 dicam,
1453 1938 1491 1973 in
1508 1948 1609 1974 usum

237 1999 417 2043 Delphini,
457 1999 632 2040 Brancho,
672 2000 819 2043 puerulo
860 2000 1058 2038 educando.
1099 2000 1287 2043 praeberet
1325 1999 1480 2033 fabulam
1512 1998 1611 2033 illam

236 2060 466 2094 centesimam
493 2058 664 2094 decimam
691 2063 826 2094 sextam
839 2060 878 2104 ³),
912 2059 1065 2094 omnium
1091 2058 1341 2101 foedissimam,
1369 2068 1458 2102 quae
1485 2060 1539 2093 est
1564 2057 1609 2094 de

236 2119 384 2155 muliere
411 2119 613 2155 adultriceP
664 2119 835 2162 Equidem
862 2119 948 2155 mihi
973 2119 1134 2164 persuasi
1159 2118 1333 2163 genuinos
1351 2116 1474 2154 Babrii
1498 2118 1608 2153 libros

237 2181 357 2216 decem
383 2180 456 2215 iam
482 2183 566 2215 ante
583 2178 765 2215 Avianum
791 2180 835 2215 ab
862 2180 1051 2223 insipiente
1070 2179 1219 2223 quodam
1237 2179 1314 2215 viro
1333 2189 1408 2214 esse
1427 2181 1608 2214 coartatos

237 2249 427 2283 verumque
440 2240 612 2275 librorum
627 2249 808 2274 numerum
824 2250 845 2273 a
860 2239 968 2274 Suida
981 2249 1024 2274 ex
1037 2240 1232 2275 vetustiore
1246 2239 1420 2283 scriptore
1433 2239 1607 2273 haustum.

324 2354 336 2371 1

324 2355 349 2449 ’ζ
373 2353 415 2441 ἓξ.
438 2353 545 2449 ΡΒῘιῖῗὲ
581 2407 746 2440 deutsche
778 2406 1103 2448 Litteraturzeitung
1135 2407 1226 2439 1881.
1257 2414 1291 2447 p.
1315 2405 1388 2438 750.
1419 2406 1454 2438 et
1477 2413 1564 2447 quae
1587 2414 1608 2437 a

236 2461 368 2504 Crusio,
392 2462 641 2505 Warnkrossio,
666 2464 729 2498 etc.
755 2461 797 2495 de
820 2460 1134 2504 paroemiographis
1158 2459 1333 2503 disputata
1355 2460 1444 2492 sunt.

323 2518 347 2559 ³)
371 2518 523 2559 spuriam
548 2527 623 2550 eam
648 2517 931 2549 existimaverunt
954 2515 1027 2556 Fix,
1051 2515 1250 2556 Hertzberg,
1276 2513 1434 2555 Schenkl,
1458 2513 1525 2546 alii.

1849 705 1852 745 “·“-
1850 672 1854 695 0*
1857 625 1859 635 -
1849 460 1860 618 ,ωιτν-ι,
1850 384 1858 455 ”wa-5„-
1847 274 1857 370 Μ·-
1846 246 1851 268 *⁴
1845 174 1855 221 c*
1841 104 1845 124 ‘⁴‘
1841 85 1843 88 ⁴
