1868 2981
811 158 1024 193 -3-

886 272 935 309 Π.

330 354 430 399 Quae
456 363 534 389 cum
559 353 611 388 ita
636 353 719 396 sint,
751 353 945 389 cavendum
978 353 1066 389 mihi
1090 354 1231 389 videtur
1257 353 1299 389 de
1324 353 1450 389 Babrii
1475 356 1595 388 aetate

232 414 461 459 exquisitum,
491 424 536 448 ne
561 413 627 448 hac
651 413 687 448 in
712 424 751 449 re
775 413 977 457 proficiscar
1003 424 1046 449 ex
1071 414 1240 449 sermonis
1264 413 1497 458 proprietate,
1523 422 1594 456 qua

232 476 313 509 sunt
341 473 483 509 fabulae
508 472 721 516 Babrianae‚
760 482 837 508 cum
874 472 941 508 tali
971 473 1152 509 divinandi
1181 473 1319 509 ratione
1350 483 1420 509 non
1449 475 1525 508 tam
1550 472 1594 508 de

230 532 357 568 Babrii
382 535 511 575 aetate,
545 542 647 576 quam
680 532 723 567 de
749 532 915 568 Graeculi
940 533 1035 568 illins
1059 533 1278 577 temporibus
1303 533 1436 569 certior
1460 532 1595 576 fierem,

231 593 290 636 qui
320 592 440 628 invitis
470 593 578 628 musis
609 592 735 627 Babrii
768 593 939 637 apologos
976 593 1183 637 compressit
1218 593 1465 637 plurimasque,
1504 602 1594 637 quae

230 662 321 688 nunc
347 655 481 694 extant,
512 651 780 687 affabulationes
810 652 949 688 adiecit.
1000 652 1135 688 Tamen
1161 653 1268 688 etiam
1293 653 1329 688 in
1354 653 1398 689 iis
1423 653 1591 697 apologis,

230 713 291 759 qui
327 712 430 748 nobis
467 712 666 754 traduntur.
704 713 825 748 insunt
855 713 1034 755 nonnulla,
1073 723 1164 757 quae
1194 714 1239 748 ab
1269 713 1332 748 illo
1358 713 1594 757 epitomatore

230 775 374 809 servata
410 775 574 817 spectent
611 772 656 808 ad
693 772 881 817 genuinum
918 772 1118 808 fabularum
1157 775 1347 808 auctorem.
1403 771 1513 808 Cuius
1551 772 1594 808 de

230 835 348 868 aetate
386 832 513 868 mirum
551 835 605 868 est
649 836 816 876 quantum
855 832 1055 877 discrepent
1085 832 1343 877 philologorum
1386 833 1593 869 sententiae.

229 892 463 937 'Pyrwhittius
493 893 587 928 enim
618 896 655 928 et
680 891 828 928 Crusius
853 892 1025 928 Babrium
1057 893 1167 928 fuisse
1191 893 1374 937 aequalem
1399 893 1595 928 Alexandri

230 951 352 989 Severi
382 952 617 997 imperatoris,
656 953 837 997 Bergkius
868 957 905 988 et
929 953 1114 997 Wagener
1143 952 1303 988 floruisse
1329 952 1429 987 aiunt
1452 953 1593 988 saeculo

230 1016 313 1048 ante
338 1011 519 1048 Christum
544 1015 666 1047 natum
692 1017 829 1056 quarto.
880 1012 948 1048 Oui
973 1013 1171 1056 quaestioni
1195 1022 1256 1047 eos
1280 1012 1509 1056 potissimum,
1535 1013 1595 1055 qui

229 1073 500 1118 argumentandi
531 1073 671 1109 initium
702 1073 864 1109 fecerunt
901 1074 946 1109 ab
971 1072 1180 1109 Alexandro
1212 1083 1309 1117 rege,
1348 1072 1447 1108 cuius
1483 1072 1595 1108 filium

184 1153 186 1156 >
228 1133 382 1169 Babrius
421 1134 569 1169 edocere
606 1134 737 1176 studet,
776 1135 942 1169 tenebras
981 1134 1169 1169 obduxisse
1199 1137 1298 1169 recte
1328 1137 1450 1169 monet
1478 1132 1596 1168 Bern-

228 1193 396 1238 hardyus‚
424 1204 501 1229 cum
527 1194 850 1238 frequentissimum
875 1194 923 1229 sit
949 1194 1042 1238 apud
1059 1193 1263 1229 Seleucidas
1279 1192 1475 1229 Alexandri
1498 1192 1594 1235 regis

228 1263 354 1289 nomen
364 1254 407 1300 ¹).

326 1324 519 1361 Videamus
536 1324 655 1369 igitur,
682 1334 773 1369 quae
790 1324 862 1360 sint
879 1327 1090 1369 argumenta
1106 1335 1150 1360 ex
1168 1324 1323 1369 apologis
1340 1323 1427 1369 ipsis
1452 1324 1591 1366 hausta,

230 1384 357 1427 quibus
381 1384 539 1419 nitantur
565 1384 789 1420 coniecturae
814 1384 858 1420 de
883 1384 1009 1419 Babrii
1035 1387 1152 1419 aetate
1179 1384 1306 1426 factae,
1340 1388 1414 1419 tum
1439 1384 1499 1427 qui
1524 1383 1594 1418 sint

229 1444 420 1488 scriptores
437 1443 664 1486 recentiores,
691 1444 751 1488 qui
774 1447 900 1488 poetae
919 1447 981 1479 aut
997 1444 1208 1480 mentionem
1225 1443 1376 1479 fecerint
1392 1446 1455 1479 aut
1479 1454 1592 1479 usum.

871 1569 944 1605 III.

322 1651 450 1695 Itaque
461 1676 464 1678 -
475 1651 647 1695 imprimis
672 1654 860 1695 utrumque
877 1651 1000 1686 Babrii
1017 1651 1234 1696 prooemium
1251 1651 1351 1686 nobis
1368 1651 1593 1686 tractandum

225 1710 375 1747 videtur.
425 1710 578 1754 Legitur
603 1714 738 1745 autem:

419 1769 523 1816 Γενεὴ
549 1769 683 1806 δικαίων
708 1769 749 1816 ἧν
774 1770 812 1805 τὸ
838 1771 969 1817 πρῶτον
996 1770 1194 1817 ἀνθρώπων,

419 1829 447 1865 ὦ
474 1829 610 1878 Βράγχε
635 1829 766 1873 τέκνον,
791 1830 831 1877 ἢν
858 1832 994 1866 καλοῦσι
1019 1831 1186 1878 χρυσείην.
1217 1860 1223 1867 .
1254 1858 1261 1865 .
1292 1859 1299 1867 .

421 1889 541 1936 μάθοις
567 1890 594 1925 δ’
622 1889 659 1925 ἂν
687 1889 774 1926 οὕτω
800 1889 888 1926 ταῦτ’
917 1892 1038 1938 ἔχοντα
1065 1890 1120 1926 καὶ
1145 1889 1255 1937 γνοίης

421 1950 460 1986 ἐκ
484 1952 542 1986 τοῦ
570 1951 672 1997 σοφοῦ
698 1948 853 1997 γέροντος
877 1951 956 1997 ἡμῖν
984 1950 1140 1986 Αἰσώπου

422 2009 549 2055 μύθους
575 2008 760 2057 φράσαντος
785 2012 844 2056 τῆς
870 2008 1053 2057 ἐλευθέρας
1079 2009 1215 2056 μούσης.

422 2069 468 2104 ὧν
495 2072 550 2105 νῦν
577 2069 727 2112 ἕκαστον,
755 2069 793 2105 ἂν
819 2068 936 2117 θέλῃς,
964 2069 1010 2105 ἐνὶ
1036 2070 1152 2117 μνήμῃ

421 2128 613 2175 μελισταγές
639 2144 699 2171 σοι,
728 2131 845 2176 λῷστε,
873 2130 990 2177 κηρίον
1016 2130 1111 2177 θήσω

420 2192 545 2236 πικρῶν
572 2189 699 2235 ἰάμβων
726 2189 855 2236 σκληρὰ
880 2192 975 2225 κῶλα
1001 2189 1155 2235 θηλύνας.

316 2303 342 2345 ¹)
367 2302 636 2336 Gutschmidtius
670 2301 799 2340 (Fleck.
836 2312 915 2336 ann.
953 2304 1045 2336 1863.
1080 2312 1111 2343 p.
1142 2302 1230 2343 323.)
1280 2300 1428 2334 Branchi
1462 2302 1593 2342 patrem

228 2356 334 2389 fuisse
370 2357 500 2389 iudicat
536 2356 770 2389 Alexandrum
809 2355 1057 2397 Theopatorem
1101 2355 1310 2396 Euergeten‚
1354 2354 1594 2389 Lachmannus

227 2410 476 2452 Alexandrum,
513 2410 702 2443 Alexandri
740 2409 885 2443 Herodis
923 2409 985 2442 filii
1022 2410 1197 2451 nepotem,
1240 2418 1357 2450 regem
1394 2408 1535 2441 Issiadis
1574 2419 1595 2441 a

229 2464 438 2506 Vespasiano
463 2465 698 2498 constitutum.
1340 2506 1375 2539 1*
