1868 2981
842 189 1056 224 ...9-

445 290 482 326 in
508 291 627 327 codice
651 290 700 329 A.
726 291 901 338 (fab...88,
930 291 1026 338 l8.):

525 352 581 386 νῦν
606 350 692 387 ἐστιν
717 351 801 399 ὥρη,
827 353 950 396 παῖδες,
977 352 1125 401 ἀλλαχοῦ
1150 351 1291 400 φεύγειν,

524 410 572 446 ὅτ’
599 410 698 450 αὐτὸς
722 411 814 459 αὑτῷ
839 411 868 448 κ’
895 411 933 448 οὖ
959 411 1077 459 φίλοισι
1101 411 1254 448 πιστεύει.

444 469 579 507 Aviani
603 472 712 508 verba
737 471 806 518 (ed.
832 472 1048 510 Lachmann.
1075 473 1147 508 fab.
1173 473 1232 515 21,
1263 472 1353 518 14.):

523 540 627 574 nunc,
654 531 716 576 ait,
742 542 763 567 o
788 532 918 574 miseri,
944 532 1074 569 dilecta
1096 533 1286 577 relinquite
1310 542 1408 575 rura,

525 601 604 626 cum
628 601 727 635 spem
753 592 796 627 de
820 592 974 637 propriis
998 593 1131 628 viribus
1156 593 1218 629 ille
1242 593 1343 637 petit.

267 649 364 685 nullo
389 649 464 685 fere
490 654 573 686 sunt
595 654 783 687 momento.
1157 697 1160 699 ¹

365 710 399 745 2.
426 710 521 754 apud
545 708 691 746 Suidam
716 721 744 746 s.
770 720 802 746 a..
829 710 973 758 σπῆλυγξ
999 715 1036 747 et
1061 711 1269 758 ἀσθμαίνωνε
1306 756 1310 760 Β

526 769 659 806 κοιώσω
686 770 879 817 σπήλυγγος,
906 769 1006 810 οἴοίτις
1032 770 1139 818 νούσῳ

527 829 665 876 κάμνων
691 829 838 877 ἐβέβλητ’
866 832 928 867 οὐκ
953 830 1077 877 ἀληθὲς
1102 831 1303 877 ἀσθμαίνων.

447 890 484 926 in
511 890 632 926 codice
656 889 724 927 A.:

527 950 643 998 κοίλης
666 952 732 986 ἔσω
759 951 942 999 σπήλυγγος
967 952 1014 991 ὥς
1039 951 1126 999 νόσῳ
1151 950 1288 998 κάμνων

528 1011 634 1047 ἐκεῖτο
661 1009 771 1047 δόλιον
796 1010 858 1047 οὔκ
883 1011 1007 1058 ἀληθὲς
1033 1011 1238 1057 ἀσθμαίνων.

365 1070 556 1106 Paululum
588 1071 829 1108 consistamus.
881 1071 979 1116 Quae
1016 1071 1111 1117 apud
1148 1070 1294 1108 Suidam
1327 1071 1476 1116 legitur,
1515 1071 1631 1108 forma.

268 1131 383 1169 νοῦσος
408 1135 463 1166 est
487 1132 634 1174 Jonica‚
667 1132 763 1176 quali
792 1133 908 1167 utitur
931 1133 1109 1168 Homerus
1140 1136 1178 1168 et
1202 1132 1389 1168 Hesiodus.
1440 1132 1483 1167 In
1509 1133 1629 1168 codice

268 1192 314 1226 A.
342 1194 459 1227 autem
484 1192 578 1227 haud
602 1201 685 1228 raro
710 1191 858 1236 formae,
890 1202 981 1237 quae
1006 1193 1173 1238 propriae
1198 1196 1281 1228 sunt
1305 1192 1477 1229 sermonis
1501 1192 1627 1234 Ionici,

267 1253 319 1288 ita
344 1255 501 1288 mutatae
526 1257 625 1295 sunt,
663 1256 704 1288 ut
728 1263 841 1289 sermo
866 1254 1046 1297 vulgaris,
1079 1254 1138 1297 qui
1164 1253 1308 1295 dicitur,
1343 1253 1529 1288 restitutus
1554 1263 1630 1288 esse

270 1312 444 1347 videatur.
501 1311 619 1357 Quare
657 1322 735 1347 oum
773 1323 792 1348 e
828 1322 915 1349 voce
953 1311 1060 1359 νούσῳ
1097 1313 1267 1357 scriptori
1308 1312 1441 1348 codicis
1472 1313 1517 1347 A.
1557 1312 1631 1348 sive

270 1372 415 1407 librario
452 1372 528 1408 eius
565 1373 789 1417 exemplaris,
829 1372 923 1417 quod
960 1377 1103 1408 secutus
1141 1377 1196 1408 est
1227 1372 1379 1417 scriptor
1409 1372 1539 1408 codicis
1564 1371 1625 1412 A..

271 1432 387 1467 forma
411 1430 500 1479 νόσῳ
524 1432 688 1468 facienda
713 1432 908 1476 videretur,
946 1436 1044 1468 totus
1082 1442 1204 1468 versus
1242 1433 1361 1468 varias
1391 1432 1497 1467 metri
1523 1442 1627 1468 causa

272 1501 459 1536 perpessus
477 1495 531 1527 est
547 1492 801 1537 mutationes1).
847 1492 983 1527 Tamen
999 1491 1129 1528 Suidae
1146 1502 1284 1535 quoque
1303 1492 1483 1536 exemplar
1499 1491 1631 1527 talibus

271 1552 310 1586 in
346 1552 453 1586 rebus
490 1551 632 1587 minima
670 1550 777 1587 fuisse
814 1552 1030 1587 auctoritate
1068 1551 1241 1595 videmus,
1281 1561 1360 1586 cum
1390 1561 1461 1587 non
1492 1561 1630 1595 semper

272 1611 407 1647 formae
444 1615 632 1649 serventur
668 1611 820 1648 Ionicae.
878 1612 920 1647 In
962 1612 1163 1648 universum
1201 1611 1342 1655 quidem
1382 1610 1512 1647 Suidae
1556 1611 1634 1648 fons

272 1673 434 1708 meliores
459 1672 630 1716 praebere
655 1672 796 1708 videtur
811 1672 984 1707 lectiones
999 1671 1135 1713 Athoo,
1161 1672 1213 1706 ita
1237 1674 1367 1714 tamen,
1393 1674 1436 1706 nt
1460 1681 1635 1706 nonnum·

273 1743 376 1777 quam
401 1735 519 1768 rectas
544 1731 672 1767 afferre
695 1731 848 1767 codicem
866 1731 913 1767 A.
932 1731 1086 1767 libenter
1103 1731 1303 1767 concedam.
1343 1731 1503 1766 Athoum
1517 1734 1634 1767 autem

274 1792 453 1837 exemplar
489 1792 528 1827 in
565 1792 764 1827 scholarum
801 1801 904 1826 usum
936 1792 1159 1827 emendatum
1185 1801 1260 1827 esse
1285 1791 1438 1833 videtur,
1470 1791 1633 1835 quoniam

272 1853 340 1888 hoc
364 1853 401 1887 in
427 1852 548 1888 codice
572 1852 648 1887 fere
674 1851 804 1896 ubique
821 1851 962 1887 rariora
978 1852 1151 1887 vocabula
1167 1851 1469 1895 frequentioribus
1487 1851 1634 1895 expulsa

273 1915 366 1954 sunt,
393 1916 434 1948 ut

361 2016 386 2058 ¹)
408 2014 538 2049 Eadem
561 2014 754 2058 corruptela
778 2015 872 2049 extat
893 2013 985 2057 apud
1008 2013 1225 2048 Semonidem
1248 2012 1288 2047 cf.
1313 2012 1377 2056 frg.
1402 2015 1432 2056 1,
1459 2014 1512 2047 12:

923 2066 995 2105 τοὺς
1020 2068 1052 2100 δὲ
1077 2068 1223 2111 δύστηνοι
1246 2068 1333 2100 νόσοι

792 2122 956 2167 φθείρουσι
978 2122 1113 2165 θνητῶν.

272 2179 332 2213 ubi
353 2178 519 2212 Dielsium
542 2188 668 2222 sequor
691 2177 943 2211 emendantem:

925 2228 996 2267 τοὺς
1021 2229 1053 2262 δὲ
1078 2229 1224 2274 δύστηνοι
1248 2230 1335 2267 νέους

793 2286 957 2330 φθείρουσι
979 2287 1094 2319 νοῦσοι.

271 2343 361 2377 Illud
385 2342 510 2387 θνητῶν
533 2343 623 2377 enim
646 2342 737 2376 haud
759 2341 862 2376 dubie
883 2341 927 2375 ab
948 2340 1138 2383 interprete
1160 2339 1308 2383 quodam
1331 2339 1446 2373 versui
1468 2348 1559 2373 nono
1575 2339 1632 2373 ad-

272 2399 449 2441 scriptum,
480 2400 521 2433 ut
553 2398 797 2442 explicaretur·
832 2396 916 2433 ὅστις
951 2394 985 2428 οὐ
1014 2394 1099 2430 δοκεῖ.
1126 2397 1200 2438 etc„
1230 2394 1284 2437 (cf.
1309 2395 1448 2431 Stobaei
1476 2394 1548 2429 cod.
1570 2394 1628 2428 A.

273 2452 344 2498 φθε’
337 2464 436 2498 ροοσι
454 2453 573 2498 βροτῶν
597 2453 737 2497 θνητῶν)
754 2463 773 2487 e
788 2452 941 2495 margine
962 2452 1000 2485 in
1021 2460 1159 2485 versum
1181 2450 1351 2484 decimum
1372 2449 1536 2517 tertium
1527 2459 1635 2491 Πτερ-

272 2510 359 2544 sisse
382 2510 530 2553 videtur,
552 2510 735 2553 postquam
758 2520 776 2543 e
800 2520 830 2540 νε
824 2508 886 2545 ’ςου
910 2506 1038 2541 factum
1061 2507 1114 2540 est
1135 2505 1231 2539 νόσον..
